2944 4968
387 389 486 435 casus
507 388 816 438 suusranrrvonun.
841 392 955 436 asnar.
1209 375 1249 438 33

12 534 47 648 llll
92 580 125 619 v.
149 561 220 622 640*
238 564 333 624 clarus
357 596 390 605 -
414 565 510 640 magis
536 566 618 624 inter
642 566 739 624 inanis
764 563 890 644 qrromdc
913 568 1012 644 gravis
1032 567 1113 626 inter
1134 568 1249 626 Graios.

11 653 45 754 aaa
91 683 126 723 v.
145 663 227 725 1063
244 668 338 743 magis
355 685 454 744 quam.
486 662 533 740 II,
552 665 628 726 390:
650 669 767 727 minora
787 703 818 710 —
839 690 938 747 quam.
970 667 1250 748 v.1127:etplus

11 764 44 852 uu
93 769 234 846 dispendi
248 770 362 828 faciant
377 787 465 848 qaam
481 771 613 828 vescitur
628 776 718 828 aetas,
740 767 806 842 III,
819 768 879 830 391
897 789 968 848 sqq.
979 790 985 827 :
998 767 1089 847 princ
1111 806 1141 813 —
1162 789 1251 851 qaam

11 864 42 906 *²²³³
92 872 259 948 primordia
286 873 452 930 sentiscant
481 893 623 932 concussa
652 875 763 933 animai
788 880 819 932 et
843 891 931 953 param
957 877 988 932 in
1012 875 1058 931 his
1082 875 1251 932 intervallis

11 969 41 1009 n-
92 974 262 1032 tuditantia
281 976 399 1052 possint
418 995 601 1033 concursare.
634 971 781 1054 (Lachm.
806 995 894 1056 qaam
915 972 947 1034 ia
966 973 1013 1034 lia
1028 993 1086 1055 pro
1103 971 1250 1055 queatis).

11 1077 39 1114 'ff
93 1071 287 1155 Respondet
302 1072 513 1134 antecedenti
529 1072 610 1134 aliae
627 1093 700 1134 cum
717 1074 894 1156 negatione
911 1073 1087 1137 coniuncto
1104 1073 1170 1150 ΙΙΙ,
1190 1076 1250 1136 110

13 1184 36 1219 <¹ss²
93 1194 154 1234 raon
170 1172 233 1235 abio
250 1185 338 1256 pacto
355 1197 443 1258 queam
459 1181 493 1251 si,
509 1200 561 1257 pes
578 1199 646 1238 cum
662 1180 746 1239 dolet
761 1183 853 1258 aegri,
875 1181 907 1240 in
930 1183 1014 1240 nullo
1030 1188 1122 1258 caput
1137 1182 1253 1239 interea

14 1273 39 1318 u
93 1281 135 1337 sit
159 1283 237 1338 forte
261 1282 373 1340 dolore.
406 1277 626 1358 Coniungitur
647 1297 720 1339 cum
746 1285 833 1351 cate,
855 1285 937 1359 poet,
958 1283 1098 1359 practer,
1120 1299 1190 1358 pre,
1217 1287 1252 1340 ut

11 1394 37 1449 „1
93 1383 147 1440 fiat
166 1384 237 1439 arcte
261 1401 362 1461 qaam,
378 1385 449 1459 post
471 1401 571 1462 qaam,
588 1386 715 1460 praeter
737 1403 838 1476 qaam,
854 1401 913 1460 pro
934 1403 1035 1464 qaam,
1058 1402 1089 1442 v.
1104 1400 1173 1463 cap.
1187 1379 1248 1443 IV.

11 1472 37 1532 lsi
95 1479 323 1562 Compositum
348 1487 400 1542 est
417 1501 578 1564 perquam,
606 1480 648 1543 de
674 1481 766 1544 cuius
794 1481 1136 1564 significationeride
1161 1481 1251 1545 Han·

95 1581 183 1643 diurn
209 1581 243 1644 in
267 1582 407 1644 Turseli.
439 1583 499 1659 IV,
525 1607 556 1666 p.
577 1585 651 1646 466.
679 1583 746 1662 HI,
770 1587 847 1647 180:
872 1590 998 1647 minutis
1016 1605 1165 1666 perquam
1190 1609 1252 1647 cor·

11 1705 34 1740 ’ἱ
95 1690 218 1766 poribus
248 1691 362 1748 factum
393 1694 538 1749 constare.
589 1707 619 1746 v.
653 1688 730 1749 187:
766 1697 902 1750 constare
936 1691 1077 1749 rutundis
1106 1707 1253 1769 perquam

27 1811 29 1817 ·
93 1792 259 1850 seminibus
275 1793 367 1852 debet
376 1809 583 1871 perquamque
597 1793 732 1852 minutis.
764 1811 794 1851 v.
815 1792 887 1852 204.
912 1791 985 1851 229.
1008 1788 1164 1866 IV,169:
1180 1809 1252 1868 pcr-

11 1893 32 1951 ri.
94 1911 183 1971 qaam
203 1895 313 1954 subite.
345 1889 386 1968 V,
409 1893 485 1954 594:
508 1897 582 1953 scire
602 1896 675 1953 licet
688 1913 837 1974 perquam
859 1898 992 1975 pauxillo
1014 1915 1101 1974 posse
1121 1897 1251 1953 minores

22 2015 30 2050 l.
93 2016 167 2053 OSSO.
1276 1989 1278 1994 Ι

16 2164 18 2172 s
179 2092 330 2176 Denique
350 2096 414 2156 huc
436 2100 590 2178 spectant
606 2094 761 2157 adverbia
778 2095 1074 2178 comparativorum
1091 2101 1125 2156 et
1141 2116 1252 2178 super·

19 2234 22 2252 ,
93 2194 271 2258 lativorum
297 2196 477 2259 accusativi
503 2196 640 2259 formam
668 2197 835 2259 habentia.
868 2196 929 2272 IV,
952 2199 1012 2260 871
1030 2218 1117 2278 sqq.:
1140 2203 1254 2278 glome-

11 2306 25 2365 ji
93 2309 218 2379 rataque
233 2305 331 2362 multa
346 2307 463 2382 vaporis
478 2325 602 2382 corpora
616 2337 647 2346 -
663 2305 800 2382 dissupat
809 2306 971 2362 adveniens
981 2305 1081 2380 liquor
1096 2323 1129 2362 ac
1145 2305 1252 2362 restin-

11 2413 24 2480 ,3
97 2405 166 2480 guit
185 2410 221 2462 ut
240 2407 353 2481 ignem,
376 2427 461 2464 urere
482 2427 520 2465 ne
542 2408 637 2484 possit
658 2408 738 2465 calor
758 2402 889 2482 crapulana
904 2407 1005 2464 aridus
1021 2411 1112 2464 artus.
1144 2401 1171 2478 l,
1191 2405 1252 2464 556

97 2507 197 2579 altine,
213 2501 294 2565 item
309 2502 357 2581 II,
369 2506 420 2565 34.
444 2503 472 2580 I,
486 2507 546 2566 240
563 2511 671 2566 minus.
692 2503 720 2580 I,
734 2507 795 2566 196
812 2511 922 2586 potius.
943 2506 1085 2566 v.1019:
1101 2510 1163 2566 sive
1179 2500 1253 2566 adeo

11 2642 21 2688 l
90 2605 208 2684 potius.
241 2604 301 2680 VI,
322 2607 417 2667 1165:
440 2630 495 2668 nec
515 2611 608 2669 nimio
631 2612 770 2687 cuiquam
791 2631 891 2688 posses
907 2611 1012 2668 ardore
1027 2612 1106 2668 tueri
1122 2611 1253 2687 corporis

15 2742 22 2778 q
95 2712 128 2769 in
144 2732 261 2769 summo
277 2733 424 2770 summam
440 2714 602 2771 fervescere
618 2718 744 2790 partem,
765 2714 816 2771 sed
830 2709 938 2788 potius
957 2713 1095 2790 tepidum
1115 2714 1253 2772 manibus

11 2845 21 2895 ,ᾗ
97 2835 264 2892 proponere
279 2819 405 2873 tactum.
432 2810 485 2872 Sic
496 2810 659 2873 Marullus
675 2833 732 2894 pro
750 2811 854 2873 lotias.
877 2809 904 2887 I,
918 2812 1000 2873 1111
1018 2816 1110 2892 prius.
1132 2811 1178 2888 II,
1192 2811 1253 2873 792

19 2975 21 2982 ,
96 2917 268 2994 proclivius.
299 2913 327 2989 I,
350 2916 410 2976 157
433 2919 552 2976 rectius.
583 2935 614 2974 v.
639 2915 678 2974 82
701 2919 827 2995 saepius.
859 2912 920 2990 Vl,
945 2915 1005 2975 315
1027 2919 1121 2976 setius
1143 2917 1253 2993 (secius

15 3029 20 3085 ἦ
96 3013 201 3096 prima
222 3036 320 3077 manu
342 3015 517 3096 oblongus,
540 3015 628 3096 quod
650 3014 769 3076 falsum
786 3016 860 3094 est).
892 3014 920 3092 1,
941 3017 996 3078 12:
1013 3021 1110 3078 aeriae
1119 3015 1253 3096 jammam

11 3134 19 3185 '5
96 3121 232 3179 volucres
256 3128 287 3180 te
313 3155 344 3164 —
371 3123 552 3198 significant.
583 3140 614 3179 v.
637 3119 692 3180 66:
713 3117 844 3196 primum
869 3123 976 3180 Graius
1001 3125 1091 3180 homo
1115 3121 1253 3180 mortalis

95 3224 221 3282 tendere
237 3229 342 3282 contra
357 3229 403 3282 est
419 3225 521 3283 oculos
537 3245 634 3283 ausus.
666 3219 726 3296 IV,
746 3221 843 3282 1151:
861 3229 891 3282 et
907 3229 1025 3302 praeter
1040 3225 1145 3282 mittas
1161 3224 1254 3281 animi

14 3307 16 3312 ¹
96 3327 171 3384 vitia
187 3327 287 3384 omnia
304 3321 445 3400 primoum.
468 3320 621 3384 Lachm:
638 3321 704 3399 „In
713 3321 848 3400 primam
864 3321 1030 3398 adverbio,
1049 3343 1112 3402 quo
1129 3319 1253 3403 primus

97 3421 234 3485 cavendi
257 3423 378 3504 gradus
399 3423 606 3506 designatur,
633 3423 718 3486 male
739 3423 847 3485 haesit
868 3431 901 3485 et
921 3423 1085 3487 Marullus
1109 3429 1142 3485 et
1163 3422 1254 3484 Nau-

11 3544 15 3603 3-
96 3525 246 3606 gerius“
276 3524 318 3603 V,
337 3529 414 3590 851:
432 3527 684 3609 pabulaprimam
701 3532 823 3588 utsint.

430 3785 467 3832 II.
493 3786 712 3834 Accusativus
732 3786 921 3848 qualitatis.

183 3934 328 3997 Primum
344 3957 449 4018 genus
466 3933 646 3998 accusativi
663 3935 833 4016 qualitatis
851 3934 961 4013 estid,
979 3934 1036 3997 ubi
1052 3935 1138 3998 actio
1155 3935 1202 3998 ita
1219 3957 1253 3998 se

100 4035 253 4118 explicat,
277 4044 314 4098 ut
334 4037 470 4101 interior
491 4036 584 4119 quasi
605 4037 653 4099 vis
677 4043 850 4114 etnatura
871 4037 940 4100 eius
959 4037 994 4099 in
1016 4036 1158 4099 medium
1173 4055 1254 4120 pro-

99 4137 234 4214 feratur,
261 4161 323 4220 quo
348 4139 493 4223 pertinet
516 4140 656 4224 primum
682 4159 750 4201 acc.
775 4138 919 4202 eiusdem
942 4139 1045 4222 etymi
1066 4159 1138 4201 cum
1155 4139 1255 4201 verbo

99 4239 305 4303 coniunctus.
346 4241 519 4318 Hyllssl:
552 4249 651 4325 largos
680 4251 835 4305 exaestuat
859 4252 970 4305 aestus.
1003 4239 1072 4317 Vl,
1099 4244 1176 4304 816:
1203 4241 1255 4301 hoa

99 4350 194 4426 igitur
213 4348 305 4406 tellus
326 4344 420 4406 omnia
439 4351 598 4407 caccabari
615 4351 728 4418 aerias,
754 4352 788 4406 et
803 4343 838 4406 in
853 4342 984 4427 passivo
1001 4342 1068 4419 III,
1087 4345 1147 4404 569
1165 4363 1254 4422 sqq:

148 4447 231 4496 nores,
245 4447 394 4486 ornamenta.
1025 4451 1040 4496 3
