2886 4998
179 363 239 424 100
590 381 744 424 rasurus.
779 380 849 422 vav.
867 379 915 422 1v.

179 567 292 610 omnes
309 546 343 624 ii,
361 546 480 630 quibus
496 569 586 628 caper·
602 569 664 610 eser
681 547 857 610 invenitur.
884 548 969 610 Sunt
984 555 1094 610 autem
1111 547 1195 610 hice.
1222 546 1251 623 Ι,
1263 547 1347 609 001.

104 637 108 648 “
177 649 226 729 II,
244 652 323 713 1831
344 655 476 714 11511510
498 655 580 733 5550
600 669 690 730 cuper
712 656 756 712 est
778 654 815 714 de
830 656 963 715 motibus
980 656 1182 734 expediemus.
1213 671 1245 712 v.
1264 651 1347 712 546.

178 751 246 830 III,
265 754 343 816 878:
371 777 433 816 esse
463 789 493 798 -
524 777 622 838 super.
654 775 685 815 v.
703 754 780 816 9051
807 759 872 816 aevi
895 758 976 835 quod
997 774 1088 833 saper
1109 758 1164 815 eat.
1198 751 1242 828 V,
1261 753 1347 814 0061

179 859 259 937 5550
270 859 496 934 5151515051νί.
518 853 580 931 111,
593 855 670 918 0701
689 862 758 924 Η55
774 860 865 918 etiam
881 861 1035 935 caperest.
1059 851 1349 937 Frequentissima

149 1005 156 1017 .
178 962 288 1020 autem
305 962 357 1020 est
372 955 460 1038 apud
475 955 667 1019 Lucretium
682 955 825 1018 formula
843 956 923 1040 qaod
943 977 1033 1036 515151
1055 962 1099 1018 eat
1114 955 1162 1018 ita
1177 953 1349 1030 adhibita,

178 1065 216 1121 ut
225 1057 267 1121 ad
277 1065 383 1120 totam
394 1079 461 1122 rem
473 1057 541 1120 sive
553 1058 750 1120 sententiam
763 1065 903 1141 spectet,
922 1079 1004 1140 quae
1021 1057 1128 1121 adhuc
1145 1057 1354 1142 explicanda

179 1168 242 1225 est.
269 1160 527 1242 Nonnumquam
543 1181 581 1223 ea
596 1159 752 1223 inseritur
768 1159 918 1238 orationi,
937 1161 983 1224 sic
1000 1161 1048 1239 lI,
1066 1163 1117 1224 39.
1136 1144 1210 1226 49¹1.
1231 1161 1273 1238 V,
1286 1163 1350 1224 64.

179 1262 240 1339 VI,
266 1265 359 1339 1000,
391 1261 581 1345 plerumque
610 1267 721 1324 tamen
746 1259 840 1324 initio
867 1261 1024 1324 orationis
1049 1260 1198 1345 ponitur,
1231 1267 1266 1323 et
1288 1260 1351 1322 his

180 1363 313 1447 quidem
336 1363 433 1426 locis:
470 1362 573 1439 1,50;
595 1361 783 1445 quadrupes
803 1369 847 1424 est
874 1401 904 1408 -
931 1369 1050 1426 adhibe.
1082 1363 1149 1440 III,
1171 1365 1246 1425 350.
1279 1362 1350 1440 IV,

182 1469 253 1530 195.
274 1468 346 1530 768.
366 1466 460 1528 1033.
494 1464 534 1541 V,
553 1467 605 1528 91.
625 1467 698 1527 001.
718 1466 790 1528 770.
811 1466 904 1528 1051.
938 1465 1000 1543 VI,
1019 1467 1279 1528 0101103906.

265 1566 469 1652 Praepositio
487 1566 573 1650 apud
583 1565 775 1629 Lucretium
791 1587 919 1650 semper
935 1568 1043 1630 locum
1061 1567 1226 1650 exprimit.
1256 1567 1351 1630 Cum

180 1669 325 1734 ablativo
349 1669 526 1732 coniuncta
545 1668 705 1752 reperitur
726 1667 807 1730 locis
828 1668 933 1732 hisce:
972 1669 1014 1746 V,
1037 1673 1115 1734 951:
1139 1677 1245 1734 umida
1264 1695 1350 1747 saxa,

180 1792 269 1852 saper
284 1770 379 1832 viridi
394 1776 545 1836 stillantia
563 1791 673 1832 515555.
707 1793 736 1832 v.
755 1773 856 1834 10051
879 1792 969 1851 curaer
984 1771 1143 1855 stellisque
1158 1771 1352 1834 micantibus

180 1880 304 1938 aethera
317 1879 417 1936 fixum.
449 1871 509 1949 Vl,
528 1875 589 1936 515
601 1894 655 1955 sq.
680 1879 763 1956 quasi
786 1872 852 1951 iperi
873 1898 940 1936 cera
960 1895 1052 1953 ,cuper
1067 1873 1168 1936 calido
1183 1879 1351 1937 tabescens

181 1982 456 2058 155155115555555.
497 1997 528 2036 v.
557 1978 640 2038 1056
665 1997 737 2058 sqq.
764 1981 907 2039 exanimis
929 1977 1147 2057 5551155515·
1171 1982 1352 2040 exanimata

181 2089 340 2163 parentum
357 2103 481 2161 corpora
497 2103 557 2141 non
574 2102 738 2160 numquam
755 2103 855 2160 posses
872 2089 1012 2160 retroque
1028 2085 1130 2144 videre
1145 2080 1297 2142 15505055
1314 2090 1350 2144 55

177 2181 320 2262 patribus
335 2190 422 2243 natos
438 2201 527 2260 saper
543 2186 631 2244 edere
647 2187 749 2244 vitam.
776 2181 859 2242 Cum
871 2181 1075 2244 accusativo:
1100 2182 1142 2259 V,
1155 2185 1233 2246 0711
1252 2205 1351 2263 saper

182 2289 372 2348 55555515.
406 2281 465 2358 Vl,
485 2283 544 2346 637
562 2288 633 2346 11105
649 2303 738 2361 eseber
754 2289 852 2344 terrae
867 2290 955 2348 redit.
982 2284 1024 2360 V,
1044 2287 1104 2347 501
1122 2289 1349 2366 liquidissimus

179 2393 284 2451 aether
304 2396 396 2468 atque
418 2389 586 2448 levissimus
608 2384 709 2446 adriae
728 2405 818 2464 555151·
840 2391 940 2448 influit
955 2408 1059 2449 caras.
1094 2409 1125 2449 v.
1143 2389 1222 2449 995:
1242 2398 1350 2470 poste-

179 2496 240 2554 rius
256 2494 400 2552 tremulas
422 2507 512 2566 super·
527 2487 629 2548 ulcera
652 2491 887 2550 5555115155
904 2493 1017 2570 palmas
1032 2495 1185 2553 horriferis
1202 2496 1350 2554 accibant

181 2598 303 2658 vocibus
328 2599 449 2654 Orcum.
480 2589 584 2650 ulcera
612 2587 693 2650 Itali
718 2594 752 2652 et
776 2587 925 2671 impressi
947 2611 1005 2673 pro
1028 2591 1153 2654 vicerat.
1174 2615 1222 2663 ‚v.
1241 2594 1348 2655 10071

182 2715 272 2776 saper
288 2714 419 2778 aequora
435 2698 537 2756 verrit.
570 2691 630 2767 VI,
651 2693 726 2754 186:
745 2697 890 2754 extructis
906 2696 972 2754 aliis
988 2693 1070 2754 ollas
1086 2715 1188 2773 cuper.

268 2796 376 2858 850551·
401 2792 589 2856 adverbium
617 2799 668 2854 cst
693 2791 774 2854 15515
799 2791 901 2856 hisce.
933 2793 962 2871 I,
984 2797 1046 2858 310
1069 2796 1170 2858 salter
1188 2806 1348 2860 55555551.

181 2899 230 2977 II,
250 2900 347 2962 1049:
371 2905 402 2958 et
422 2901 515 2958 155515
536 2917 571 2956 ex
594 2903 722 2974 utroque
738 2899 1008 2978 55515555551555
1025 2921 1180 2978 peremne
1197 2903 1284 2962 nulla
1300 2907 1350 2962 555

185 3007 262 3076 finis,
285 2998 326 3060 ad
343 3020 374 3078 q.
392 2997 414 3057 1.
439 2994 568 3058 confert
583 2993 815 3058 Lachmanuus
832 2995 854 3059 l.
873 2996 934 3074 VI,
953 3000 1031 3061 5371
1054 3008 1085 3062 55
1105 3005 1137 3062 111
1159 3006 1265 3083 primis
1286 3010 1351 3066 ter·

183 3129 247 3167 ram
263 3108 309 3164 fao
326 3111 360 3162 ut
376 3123 439 3162 esse
455 3103 545 3160 155115
561 3103 754 3176 5555115111
770 3108 806 3161 55
814 3120 924 3179 erepere
935 3105 1067 3163 ventosis
1078 3107 1212 3184 undique
1223 3108 1350 3184 plenam

184 3209 343 3289 speluncis.
376 3199 577 3285 (Quadratus
602 3199 718 3279 subter)
742 3206 776 3262 ct
797 3200 839 3277 V,
861 3205 939 3266 5101
966 3208 1043 3266 Inde
1068 3209 1160 3266 5115111
1184 3227 1279 3285 capra
1311 3242 1344 3252 -

185 3319 237 3373 aut
261 3313 354 3370 alium
379 3309 492 3384 515057.
522 3341 552 3348 -
594 3301 655 3378 IV,
678 3304 729 3365 78.
757 3325 786 3364 v.
809 3305 871 3368 447
897 3309 1020 3368 subdita
1043 3311 1157 3384 supter.
1197 3306 1240 3383 V,
1264 3309 1346 3370 0681

184 3415 287 3491 captor
307 3433 360 3491 per
379 3418 482 3471 terras.
514 3427 544 3466 v.
564 3407 625 3468 536
646 3414 751 3488 supter
771 3410 889 3468 habere.
928 3405 981 3468 Sic
1002 3405 1140 3469 Lachm.
1161 3429 1219 3490 pro
1241 3431 1347 3490 reaper.

185 3511 348 3576 Marullus
364 3509 475 3572 subter.
508 3529 537 3569 v.
558 3509 652 3570 1364.
678 3505 741 3584 Vl,
760 3509 949 3572 5555511551.
973 3531 1004 3570 v.
1024 3510 1101 3572 8571
1120 3516 1172 3592 551
1188 3519 1281 3593 queat
1297 3517 1350 3576 hic

185 3619 290 3694 supter
311 3624 374 3676 tam
397 3636 493 3675 crasso
514 3633 637 3692 corpore
658 3620 767 3672 terram
789 3633 1005 3692 perquoquere.
1037 3610 1090 3674 sie
1107 3611 1270 3676 Marullus
1287 3634 1347 3695 pro

186 3737 286 3796 suaper.
319 3735 350 3775 v.
369 3715 431 3776 914
450 3722 562 3794 supter.
595 3709 800 3794 Praepositio
817 3731 889 3772 oum
907 3711 973 3774 abl.
992 3711 1168 3774 coniuncta
1183 3715 1349 3796 reperitur

189 3817 230 3895 V,
250 3819 333 3880 1305
350 3837 398 3896 55.
423 3825 454 3878 55
474 3821 570 3878 latera
589 3839 623 3877 ac
642 3823 763 3878 ventres
785 3818 947 3877 hauribant
962 3820 1065 3894 eapte
1082 3839 1229 3897 equorum
1245 3817 1346 3880 corni·

188 3921 252 3998 bas,
279 3940 353 3981 oum
377 3939 445 3982 aco.
471 3917 500 3993 I,
519 3920 553 3979 01
580 3922 655 3981 55511
674 3916 776 3988 550551
799 3915 934 3978 labentia
956 3915 1043 3996 aava
1064 3942 1140 3998 quae
1160 3943 1243 3982 mare
1263 3925 1347 3985 navi-

188 4048 293 4106 gerum
318 4059 350 4068 -
376 4025 574 4085 concelebras.
606 4018 668 4095 VI,
687 4019 747 4080 697
770 4022 950 4100 perveniunt
966 4017 1200 4102 subterscraces.
1233 4044 1265 4084 v.
1286 4025 1345 4084 785

189 4132 282 4209 515515
299 4125 467 4204 555515051-
484 4129 548 4184 555.
581 4144 612 4182 v.
630 4123 690 4184 851
708 4131 813 4202 supter
827 4128 929 4180 terras.
