2944 4968
215 365 267 428 Ι20
634 381 805 428 sensuam.
831 383 904 428 car.
929 383 981 430 m.

228 549 379 630 sanquine
409 557 516 616 maesti
547 561 752 635 conspergunt
782 577 845 618 aras
870 557 1055 636 adolentque
1078 558 1186 618 altaria
1215 553 1320 626 donis,
1355 565 1397 618 ut

228 659 366 736 gravidas
383 660 512 718 reddant
527 679 633 718 uxores
653 655 765 718 semiue
780 656 877 734 larpo.
904 658 1052 720 v.1253:
1070 661 1168 737 parte
1188 691 1219 704 -
1240 661 1396 720 ditescere
1465 643 1466 704 1

229 757 285 818 elul
308 757 323 818 '.
354 780 385 820 v.
409 759 507 820 1256:
527 758 634 838 pactis
654 763 772 822 munire
794 769 955 823 senectam.
984 783 1015 822 v.
1042 761 1139 823 1261:
1162 783 1291 842 namque
1312 758 1396 820 aliie
1465 805 1466 832 q

227 859 316 920 retae
332 869 530 924 concrescunt
545 866 660 923 semina
674 864 826 938 membris,
850 870 941 943 atque
962 861 1035 922 aliie
1052 868 1253 934 extenvantur
1266 865 1390 924 tabent·

229 987 286 1044 que
304 968 445 1026 vicissim.
462 963 606 1026 v.1270:
625 962 766 1024 clunibus
781 969 846 1047 ipsa
861 969 917 1026 viri
934 969 1081 1026 Venerem
1096 969 1122 1026 si
1137 968 1218 1028 laeta
1231 973 1393 1026 retractat.

228 1087 259 1126 v.
279 1066 376 1128 1278:
401 1071 466 1129 Nec
488 1070 634 1129 divinitus
654 1070 736 1128 inter
754 1071 827 1128 ilum
843 1071 1028 1149 Venerisque
1048 1065 1171 1146 eupittie
1189 1070 1338 1130 deteriore
1353 1073 1394 1130 fit

228 1179 263 1230 ut
279 1174 375 1232 forma
389 1173 569 1231 muliercula
583 1175 708 1230 ametur.
734 1189 765 1229 v.
784 1171 866 1231 1280
884 1189 950 1250 eq.:
969 1193 1038 1232 nam
1055 1173 1128 1232 facit
1143 1174 1209 1252 ipsa
1223 1167 1291 1231 serie
1305 1173 1392 1232 inter

228 1274 301 1333 dum
316 1270 539 1354 seminafcctie
555 1269 770 1354 meripera'eque
784 1270 881 1333 modis
897 1279 928 1334 et
943 1275 1056 1334 munde
1071 1291 1194 1352 corpore
1204 1270 1287 1334 callo
1304 1277 1390 1334 cett.

218 1376 377 1436 ·v.1284:
401 1378 482 1455 quod
503 1373 604 1435 crebro
625 1377 767 1436 tunditur
786 1373 861 1436 ictu.
887 1372 930 1449 V,
949 1376 983 1436 5:
1006 1379 1059 1456 qui
1073 1378 1149 1436 talia
1163 1379 1250 1437 nobis
1266 1378 1393 1454 pectore

229 1486 316 1559 parte
339 1498 392 1538 suo
409 1482 604 1558 quaesitaque
621 1481 753 1558 praemia
768 1480 881 1558 liquit?
905 1497 936 1538 v.
955 1478 1009 1539 50:
1033 1481 1183 1559 expulerit
1198 1475 1303 1547 dicim,
1327 1501 1392 1540 non

230 1577 337 1640 arania
361 1601 393 1640 v.
413 1581 491 1641 121:
515 1583 689 1642 inmortalia
708 1578 833 1640 mortali
852 1599 985 1640 semeae
1004 1587 1155 1642 notantes.
1179 1601 1211 1641 v.
1230 1581 1308 1642 210:
1327 1603 1394 1641 ver-

232 1692 333 1744 tentes
349 1701 464 1742 comem
478 1686 591 1763 glebas.
616 1703 647 1742 v.
666 1681 742 1742 233:
761 1681 829 1765 quie
844 1707 897 1745 sua
912 1691 1062 1746 tutentur.
1086 1704 1117 1743 v.
1137 1683 1196 1744 267
1206 1704 1212 1742 :
1231 1679 1393 1763 radiisque

233 1794 370 1847 retexens
382 1789 533 1847 aetherius
549 1789 603 1847 sol.
620 1804 651 1845 v.
666 1784 742 1846 283:
760 1783 996 1866 suppeditatque
1011 1805 1086 1846 uoco
1102 1789 1261 1848 confestim
1276 1783 1393 1846 ambe

231 1892 343 1950 lumen.
370 1908 399 1947 v.
419 1889 497 1950 514:
517 1908 573 1970 qao
589 1890 739 1950 volvenda
753 1891 868 1950 micant
883 1893 998 1950 aeterni
1014 1892 1112 1950 sidere
1126 1891 1242 1951 mundi.
1267 1887 1392 1952 Secun-

233 1989 308 2051 dum
327 2010 399 2051 eum
417 1989 539 2067 locum,
561 2010 658 2071 quem
674 1987 751 2052 huic
777 1987 883 2052 versui
904 1987 1053 2070 assignat
1068 1989 1311 2067 bethmannus,
1332 2011 1392 2072 qao

233 2113 299 2154 non
316 2098 368 2154 est
383 2091 546 2174 particula
561 2090 637 2167 loci,
655 2090 712 2154 sed
729 2089 894 2154 ablativus
909 2091 1133 2155 instrumenti.
1157 2115 1189 2155 v.
1210 2093 1285 2156 ⁷79:
1303 2091 1391 2154 clara

233 2201 300 2258 loce
313 2200 444 2257 candida
460 2195 537 2256 lace.
562 2216 595 2256 v.
613 2196 675 2256 892
692 2216 759 2276 eq.:
778 2204 831 2257 aut
846 2193 964 2256 rabidis
980 2195 1105 2258 cunilae
1120 2199 1287 2259 succinctas
1303 2200 1391 2258 semi·

232 2303 354 2360 marinis
376 2301 550 2378 corporibus
573 2302 696 2379 Scyllas.
727 2319 758 2358 v.
783 2297 860 2359 897:
888 2322 944 2362 nec
964 2297 1060 2360 emila·
1084 2296 1197 2360 Venere
1217 2303 1389 2361 ardescunt.

233 2423 263 2461 v.
283 2403 355 2462 899.
381 2422 412 2462 v.
438 2402 535 2462 1094:
558 2403 656 2462 multa
675 2405 811 2462 videmus
832 2405 911 2462 enim
933 2400 1111 2463 coeleelibue
1132 2401 1226 2462 inlito
1240 2397 1388 2484 flammis.

232 2501 285 2563 Sio
297 2501 434 2564 Lachm.
453 2523 510 2585 pro
528 2502 636 2574 inette,
654 2500 675 2564 i.
688 2523 716 2564 e.
735 2501 890 2584 adspersa
906 2506 940 2564 et
951 2507 1115 2565 contacta.
1133 2525 1165 2564 v.
1179 2506 1276 2567 1145:
1294 2527 1390 2584 genus

231 2613 405 2682 humanum,
437 2610 586 2668 defessum
616 2605 647 2668 vel
678 2611 775 2669 colere
805 2629 919 2668 aevom.
951 2627 983 2666 v.
1011 2607 1109 2668 1260:
1141 2605 1238 2668 evelli
1261 2611 1391 2668 formata

230 2714 376 2772 videbant
391 2735 454 2773 esse
466 2712 583 2793 sipara.
610 2730 640 2770 v.
661 2712 758 2772 1295:
784 2718 816 2772 et
825 2708 918 2793 ferro
940 2731 1063 2790 coepere
1079 2713 1177 2772 solum
1197 2714 1390 2791 proscindere

180 2841 184 2847 ·
230 2824 338 2876 terrae.
376 2835 408 2873 v.
442 2813 539 2874 1323:
573 2816 786 2892 iactabantque
817 2835 885 2874 suos
914 2817 995 2874 tauri
1017 2811 1209 2894 pedibusque
1239 2816 1388 2875 terebant.

231 2938 260 2978 v.
289 2915 388 2978 145⁷:
422 2913 540 2975 orbitae
567 2919 606 2975 ad
630 2939 780 2976 summum
805 2919 901 2976 donec
926 2937 1032 2977 venere
1057 2938 1208 2978 cacumen.
1242 2913 1304 2990 VI,
1331 2915 1387 2976 18:

232 3023 392 3098 omniaque
414 3022 496 3080 illius
514 3015 788 3098 vitiocorrumpier
809 3021 901 3079 intus.
931 3038 963 3078 v.
988 3019 1064 3080 153:
1087 3015 1389 3080 aeramentorum

231 3124 410 3183 comburens
425 3124 540 3200 impete
555 3143 675 3201 magno.
700 3141 731 3180 v.
751 3121 827 3180 161:
846 3143 998 3182 excussere
1013 3140 1067 3180 sao
1084 3139 1240 3180 coaeterua.
1257 3142 1290 3181 v.
1307 3121 1386 3182 418:

232 3227 360 3286 discutit
381 3221 493 3306 infesto
521 3258 551 3266 -
567 3221 709 3305 sabatae
728 3226 822 3284 sedes.
854 3243 883 3282 v.
906 3223 985 3285 aab:
1009 3226 1105 3284 demit
1126 3226 1308 3302 imaginibus
1323 3221 1388 3282 eio-

231 3326 312 3386 lenlo
333 3326 455 3386 eoam
476 3329 630 3387 honorem.
659 3345 691 3384 v.
717 3327 794 3386 548:
818 3336 849 3387 et
868 3329 987 3400 merito,
1007 3329 1150 3406 quoniam
1171 3328 1299 3406 plaustri
1318 3347 1388 3386 con-

232 3452 318 3490 cussa
341 3437 527 3490 tremescunt
551 3437 646 3503 tecte,
674 3431 754 3488 viam
779 3433 917 3509 propter,
942 3451 1003 3490 non
1026 3447 1133 3505 saepae
1151 3425 1289 3506 pondere
1311 3434 1389 3489 tota.

231 3553 262 3591 v.
287 3533 363 3593 554:
388 3537 423 3592 ut
444 3536 576 3592 iactetur
594 3553 688 3610 equae
706 3529 809 3612 flecta
835 3553 954 3612 quoque
975 3538 1056 3592 terra
1074 3532 1228 3591 vacillans.
1257 3551 1289 3591 v.
1307 3531 1387 3592 559:

231 3644 321 3714 urget
343 3636 470 3694 obnixus
489 3631 607 3710 mapale
628 3636 785 3713 speluncas
805 3630 921 3692 viribus
942 3637 1027 3694 altas.
1059 3653 1090 3692 v.
1113 3633 1189 3694 624:
1210 3644 1277 3694 tum
1299 3655 1390 3722 porro

231 3741 315 3798 venti
345 3759 465 3816 quoque
494 3758 635 3815 magnam
665 3739 773 3797 tollere
803 3744 919 3817 partem
949 3740 1060 3824 umoris
1085 3743 1211 3816 possunt
1235 3744 1389 3798 verrentes

232 3862 377 3920 aequora:
398 3837 496 3898 aeolia
517 3861 578 3899 una
598 3845 688 3899 nocte
708 3843 770 3900 vias
792 3843 934 3919 quoniam
956 3861 1097 3920 persaepe
1118 3842 1254 3900 videmus
1274 3842 1388 3900 siccari.

233 3939 285 4001 Sio
307 3939 443 4001 Lachm.
471 3960 528 4020 pro
553 3939 645 4000 venti.
681 3962 712 4001 v.
740 3941 815 4003 740:
845 3945 928 4021 quod
950 3946 1062 4003 Averni
1088 3950 1233 4002 vocantur
1256 3940 1387 4002 nomiae.

233 4065 263 4105 v.
284 4044 359 4105 755:
378 4047 430 4105 sed
446 4051 554 4104 natura
570 4047 628 4104 loci
644 4042 675 4103 ei
690 4048 757 4105 ibus
774 4047 869 4104 officit
883 4047 948 4124 ipsa
963 4047 1081 4122 suapte.
1107 4039 1160 4103 sio
1175 4040 1311 4104 Lachm.
1329 4063 1388 4124 pro

232 4173 254 4208 e.
271 4172 300 4208 n.
318 4150 377 4207 loci
393 4170 467 4226 opus
484 4149 577 4206 efficit
592 4151 657 4227 ipsa
672 4171 694 4207 s.
719 4167 749 4206 v.
768 4146 847 4208 874:
872 4155 1026 4228 praeterea
1046 4148 1116 4207 solis
1137 4145 1237 4205 radiis
1258 4151 1389 4208 iactatur

232 4254 320 4329 aquei
345 4271 440 4311 umor.
474 4269 504 4308 v.
533 4248 632 4310 1020:
660 4253 771 4330 quippe
795 4253 951 4329 agitantur
976 4253 1056 4310 enirn
1075 4245 1191 4326 plape'e.
1227 4269 1256 4309 v.
1286 4249 1385 4310 1064:

233 4355 383 4432 inpellant
403 4360 438 4412 ut
459 4373 523 4411 eam
546 4357 704 4432 Magnesia
714 4349 847 4434 flamine
866 4373 942 4413 saxa.
975 4348 1028 4410 sie
1050 4347 1131 4410 Itali
1153 4357 1187 4410 ct
1207 4347 1387 4411 Brixiensis
1465 4405 1466 4440 q
