2932 4966
514 361 556 404 uu
578 361 795 406 reuroumus.
1173 345 1232 408 137

79 531 171 608 itaque
187 534 333 594 ardorem
349 536 447 612 louge.
476 529 530 592 Sic
546 529 789 593 Lachmannus.
817 529 906 593 Olim
922 529 1072 614 impressi
1077 531 1231 616 fecitque.

77 649 102 688 v.
120 630 179 692 695
195 637 319 696 radices
334 638 449 714 frangit
464 638 573 696 fluctus
589 641 765 715 aestumque
780 633 922 696 resorbet.
950 630 1004 695 Sic
1022 631 1138 696 eximie
1153 633 1234 696 Itali

76 751 127 810 pro
144 733 291 797 resolvet.

158 833 386 898 Coniunctiees
402 835 584 919 praesentis
601 835 842 919 significatione
859 843 1035 920 usurpatur
1046 836 1232 920 potentiali.

75 933 123 996 Sic
138 935 187 1013 II,
206 940 311 1002 1033:
335 946 436 1003 omnia
456 965 532 1022 quae
553 965 633 1003 nunc
653 945 678 1003 si
694 946 824 1022 primum
839 945 1017 1003 mortalibus
1034 945 1135 1002 eriere
1152 946 1233 1002 cett.

75 1035 122 1097 Sic
133 1037 289 1103 Orellius
305 1063 363 1126 pro
379 1048 486 1104 esseni.
509 1041 571 1118 IV,
585 1044 683 1105 1188:
703 1067 740 1105 ne
756 1049 910 1125 quiquam,
926 1049 1068 1125 quoniam
1083 1052 1118 1105 bu
1134 1048 1234 1106 animo

74 1149 171 1204 iumen
197 1150 303 1208 omnia
322 1144 424 1224 possis
447 1149 621 1226 probrehere
645 1150 677 1206 in
702 1149 808 1208 lucem.
840 1145 943 1206 Recte
960 1144 1123 1206 Marullus
1137 1144 1235 1224 poesie

74 1263 127 1322 pro
137 1265 262 1323 posses,
281 1245 413 1308 seilicet
429 1267 625 1328 quamquam
642 1245 718 1307 illae
735 1247 816 1308 haee
833 1247 944 1308 celaui.

155 1350 187 1408 2.
225 1347 453 1410 Memorabilis
483 1355 535 1410 esi
558 1369 636 1409 usus
662 1347 831 1432 imperfecti
856 1347 940 1429 apud
970 1345 1176 1424 Lucretium,
1207 1347 1235 1409 si

74 1443 220 1526 loquitur
236 1449 277 1512 de
294 1451 393 1512 rebus
410 1473 428 1511 a
444 1457 561 1512 natura
577 1449 623 1512 iia
639 1457 676 1511 ui
691 1455 780 1528 sunt,
798 1457 832 1511 et
843 1471 908 1512 non
918 1448 1232 1524 alibereonsbitubis:

73 1557 211 1632 usurpat
235 1559 309 1614 ‘cum
335 1573 409 1614 eum
440 1551 640 1614 confidentia
671 1552 810 1634 quadem
841 1553 1035 1637 imperfecta
1064 1550 1235 1614 indicativi

75 1651 159 1713 modi
180 1655 393 1727 conveniebat,
417 1656 551 1728 decebat,
574 1653 703 1733 similia,
722 1655 750 1716 si
766 1654 950 1718 describere
966 1655 1050 1733 vult,
1069 1653 1235 1736 quidesse

75 1759 255 1834 oporteret,
280 1756 308 1819 si
328 1778 380 1818 res
402 1756 499 1819 aliter
514 1779 548 1820 se
565 1757 726 1819 heberent
742 1779 779 1820 ac
796 1766 884 1821 sunt.
917 1757 971 1819 Sic
987 1757 1015 1835 Ι,
1034 1759 1111 1819 881:
1131 1777 1235 1818 cenite-

77 1855 176 1919 ue'ebai
194 1866 276 1923 enim
292 1866 394 1941 fruges
410 1885 529 1942 quoque
539 1885 637 1943 saepe,
653 1867 763 1924 minaci
778 1866 883 1924 robore
894 1885 962 1923 cum
972 1865 1033 1922 saxi
1043 1865 1235 1940 franguntur,

76 1964 197 2026 mittere
219 1970 340 2044 signum
363 1969 518 2044 sanguinis
534 1975 587 2026 aui
603 1969 728 2046 aliquid,
752 1975 854 2027 nostro
871 1987 947 2046 quae
963 1987 1086 2046 corpore
1102 1967 1234 2024 aluntur.

77 2083 105 2122 v·
123 2067 204 2128 885:
231 2071 383 2130 consimili
406 2073 522 2129 ratione
547 2071 653 2130 herbas
677 2091 797 2150 quoquc
822 2091 910 2148 saepe
931 2065 1054 2126 decebat
1075 2072 1106 2126 eb
1130 2069 1235 2126 latices

77 2169 170 2230 duleis
187 2179 293 2250 guttas
308 2174 460 2249 similique
476 2194 580 2250 sapore
596 2176 717 2232 mittere
734 2176 799 2231 ebe.
827 2191 857 2230 v.
876 2171 937 2230 958
954 2189 1022 2248 sq.:
1041 2174 1138 2230 Omne
1154 2171 1235 2247 quod
1347 2208 1351 2218 -

78 2279 120 2330 esi
135 2276 233 2352 igitur
248 2276 334 2335 nulla
349 2277 471 2352 regione
488 2278 601 2334 viarum
613 2278 777 2335 linibumsb:
795 2295 924 2353 namque
935 2279 1102 2333 extremum
1112 2269 1236 2330 debebas

78 2373 197 2437 habere.
224 2373 271 2450 II,
291 2375 351 2437 776
369 2396 457 2456 sqq:
476 2379 522 2436 sin
539 2380 597 2438 alio
613 2385 704 2456 eique
720 2380 780 2437 alio
796 2383 867 2438 sunt
883 2379 998 2436 semina
1013 2379 1111 2435 tincia
1127 2377 1236 2448 colore,

80 2497 152 2552 quae
177 2482 267 2539 maris
292 2483 429 2540 alliciunt
453 2503 548 2539 unum
573 2503 740 2560 purumque
765 2483 910 2554 niiorem,
939 2485 974 2538 ub
998 2499 1085 2557 saepe
1110 2500 1145 2537 ex
1169 2478 1236 2536 aliis

81 2579 181 2641 formis
199 2586 350 2663 variisque
370 2586 473 2660 figuris
494 2586 624 2642 efficiiur
639 2585 784 2662 quiddam
799 2584 980 2661 quadratum
996 2602 1115 2660 unaque
1131 2583 1235 2656 figura,

80 2682 283 2754 subveniebat,
314 2692 350 2745 ui
372 2689 404 2744 in
429 2688 576 2764 quadrato
601 2688 750 2746 cernimus
775 2707 837 2746 esse
862 2686 1020 2744 dissimiles
1048 2685 1167 2755 formas,
1193 2684 1236 2740 ita

82 2803 197 2848 eernere
213 2791 245 2848 in
261 2810 390 2868 aequore
406 2791 493 2868 ponti
514 2822 545 2830 -
566 2790 726 2849 dissimiles
747 2823 776 2831 -
799 2790 921 2848 colores.
948 2806 978 2845 v.
997 2785 1058 2844 820
1075 2804 1166 2864 sqq:
1184 2804 1237 2842 cur

82 2906 113 2945 ea
128 2912 204 2968 quae
221 2897 363 2952 conseant
383 2913 418 2952 ex
437 2893 499 2950 illis
515 2912 575 2950 non
591 2894 705 2970 pariter
720 2897 791 2950 suni
807 2912 895 2951 omne
910 2912 1006 2968 genus
1022 2890 1142 2968 perfusa
1158 2889 1237 2946 eolo·

82 2991 160 3052 ribus
175 2997 207 3053 in
223 3015 333 3072 genere
349 2990 450 3054 omni?
467 2990 661 3052 ceeeeec'ebel
672 2997 752 3054 enim
763 3016 866 3054 corvos
877 3015 997 3073 quoque
1008 3013 1095 3071 saepe
1105 2991 1236 3049 volantis

81 3111 113 3151 er
133 3083 209 3156 albis
229 3098 334 3156 album
354 3099 454 3177 pinnis
474 3099 585 3156 iactare
601 3099 741 3156 colorem.
773 3115 805 3156 v.
824 3095 905 3156 1033
923 3115 1013 3175 sqq:
1036 3095 1146 3154 Omnia
1161 3113 1237 3170 quae

82 3196 209 3258 nuncsi
233 3202 364 3279 primum
389 3201 567 3259 mortalibus
592 3201 713 3268 eccene,
746 3221 781 3259 ex
804 3201 957 3279 inproviso
981 3195 1009 3256 ai
1032 3193 1096 3254 aiei
1119 3196 1238 3254 obieoia

82 3309 213 3378 repente,
235 3305 309 3382 quid
330 3305 427 3380 magis
443 3305 490 3362 his
506 3303 594 3361 rebus
605 3303 729 3378 poterae
744 3304 880 3362 mirabile
897 3303 967 3376 dici,
983 3301 1151 3359 autminus
1167 3301 1238 3356 anie

13 3449 14 3482 ,
83 3407 160 3480 quod
176 3409 323 3466 audereni
338 3408 401 3465 sore
417 3408 537 3465 credere
553 3405 681 3482 gentes?
705 3399 773 3478 III,
786 3403 846 3463 679
858 3423 946 3482 sqq:
964 3407 1124 3463 Praeterea
1138 3400 1163 3460 si
1178 3401 1237 3459 iam

83 3511 212 3582 perfeeto
242 3530 364 3588 corpore
394 3510 480 3568 nobis
509 3509 613 3567 inferri
639 3510 758 3567 solitasb
783 3509 876 3566 animi
895 3509 996 3565 vivata
1018 3510 1151 3584 poteslas
1171 3507 1238 3562 bum
1351 3533 1352 3537 κ

85 3628 148 3670 curn
168 3615 323 3690 gignimur
345 3617 375 3670 eb
396 3613 477 3670 vitae
494 3632 562 3669 cum
579 3612 671 3669 limen
687 3612 808 3684 inimus,
824 3611 905 3669 haud
921 3611 966 3668 iba
981 3603 1176 3665 ceeeeee'ebei
1192 3607 1239 3664 uti

84 3731 147 3774 cum
167 3737 290 3795 corpore
313 3719 344 3774 eb
363 3735 424 3773 una
444 3735 511 3772 eum
527 3713 669 3772 membris
686 3715 825 3772 videatur
840 3700 871 3770 in
886 3714 954 3790 ipso
970 3713 1117 3789 sanguine
1133 3729 1239 3780 cresse,

84 3819 131 3876 sed
146 3820 195 3878 vel
210 3824 246 3877 ui
261 3821 293 3877 in
309 3838 398 3876 cavea
414 3837 512 3896 perse
528 3817 586 3875 sibi
602 3818 701 3876 vivere
718 3818 811 3875 solam
828 3811 978 3872 cerreenc'i.

163 3918 194 3978 3.
219 3917 407 4002 Perfectum.
435 3913 610 3978 Quomodo
621 3914 751 3977 differat
761 3913 843 3997 peri.
862 3912 903 3976 ab
918 3911 1122 3997 imperfecte,
1141 3931 1239 3993 appa-

85 4029 130 4082 ret
151 4042 190 4082 ex
212 4019 286 4081 loeo
303 4019 346 4096 V,
366 4022 448 4081 1442
465 4040 536 4100 sqq.
554 4023 614 4080 iam
630 4043 710 4081 mare
726 4022 863 4080 velivolis
877 4016 1011 4102 florebat
1031 4018 1193 4097 puppibus,
1210 4021 1241 4074 eb

85 4145 124 4185 res
144 4129 255 4186 auxilia
275 4148 308 4184 ao
330 4128 425 4184 socios
445 4127 505 4183 iam
525 4131 623 4203 pecie,
645 4126 765 4183 foedere
785 4120 946 4191 debebeui,
972 4121 1152 4180 carminibus
1169 4140 1237 4178 oum

87 4250 125 4288 res
146 4237 246 4308 gestas
268 4245 389 4303 coepere
411 4231 520 4306 polleas
541 4229 669 4300 tradere,
691 4221 747 4284 ubi
767 4221 895 4306 imperf.
920 4227 1145 4301 comparatum
1162 4241 1235 4282 oum

86 4329 226 4414 perfeeto
248 4327 420 4389 durant-em
442 4325 605 4390 sabionem
625 4324 788 4409 exprimit.
808 4323 1053 4401 cf.1,87-93.
1087 4322 1237 4389 Comme·
