2932 4966
518 341 560 384 uo
582 339 798 384 ruuroalaus.
1176 324 1237 385 189

88 513 247 568 remaneret
269 547 300 554 -
322 513 402 572 unde
418 515 571 572 reconflari
587 535 690 572 sensns
706 533 759 592 per
774 513 907 574 membra
924 517 1046 592 repente
1056 515 1159 590 paracl
1181 510 1235 570 -'?

31 599 32 605 '
87 608 165 690 (pro:
186 610 312 692 poerit).
351 610 433 672 Cum
459 610 607 694 perfecto
631 611 785 675 convenit
807 620 840 676 01
860 610 1044 696 perfectum
1065 619 1099 674 et
1123 611 1240 697 imper·

23 701 33 776 i
86 709 204 772 lectum
221 711 439 790 coniunctivi,
458 712 545 796 quod
561 721 736 795 utrumque
752 719 841 776 recte
858 713 929 776 fieri
942 735 1039 796 posse
1050 721 1165 776 notum
1176 721 1239 778 est.

87 835 112 874 v.
135 815 234 896 Synt.
257 815 358 899 prisc.
385 837 448 877 scr.
478 815 537 878 lat.
565 815 613 893 ΙΙ,
636 839 668 899 p.
687 818 738 880 89.
771 814 825 878 Sic
841 816 869 893 l,
888 818 949 879 307
967 837 1033 897 sq.:
1059 841 1157 899 neque
1182 843 1241 899 qno

86 926 167 996 pacto
177 918 357 996 persederit
376 944 463 982 umor
482 925 570 1001 aquai
586 919 722 990 oiaorrral,
745 942 799 981 nec
814 943 931 980 rursum
947 943 1007 1000 quo
1023 927 1111 1000 pacto
1116 918 1243 1002 superii

85 1029 174 1082 aestu.
200 1019 251 1098 II,
271 1021 333 1084 578
350 1043 399 1104 sq.
427 1020 550 1084 Contra
566 1020 626 1097 IV,
640 1023 723 1084 1274
734 1042 823 1102 sqq.:
841 1026 932 1104 idque
948 1045 1001 1084 sua
1017 1046 1104 1084 causa
1119 1041 1242 1082 002320-

84 1128 152 1182 2221
176 1133 280 1186 scorta
301 1129 430 1200 moveri,
455 1146 492 1186 20
517 1124 737 1202 complerentur
758 1128 862 1188 crebro
877 1130 1077 1207 gravidaeque
1093 1123 1240 1196 iacerent,

85 1233 113 1285 et
127 1229 220 1288 simul
235 1232 304 1308 ipsa
319 1232 390 1288 viris
402 1233 502 1290 Venus
519 1239 554 1289 ut
570 1231 744 1290 concinnior
760 1231 845 1288 erret.
873 1226 999 1288 Eodem
1015 1225 1112 1289 modo
1123 1224 1168 1288 ib.
1182 1227 1242 1288 191

85 1333 157 1408 post
177 1334 365 1390 0023203221
385 1335 475 1390 recte
495 1329 741 1392 aLachmanno
764 1350 821 1411 pro
839 1329 957 1408 2033121
977 1328 1171 1392 restitutum
1193 1333 1244 1390 031

85 1425 329 1510 imperfectum,
361 1456 437 1513 quae
468 1457 578 1514 oumqu
626 1437 706 1495 inter
735 1456 766 1494 30
790 1437 915 1510 2033021
949 1456 1107 1512 congressa
1136 1455 1244 1494 creare.

85 1530 222 1594 Rectius
242 1531 328 1595 infra
348 1555 379 1594 v.
397 1536 459 1596 428
476 1457 636 1616 'scriptitat
653 1540 704 1595 est
713 1539 849 1614 pos-recl.
882 1533 924 1610 V,
944 1533 1003 1596 733
1020 1555 1108 1616 sqq.:
1126 1537 1246 1609 resolvi,

86 1639 152 1696 solis
178 1642 228 1700 uti
258 1674 291 1682 -
321 1661 423 1700 cursus
453 1673 483 1682 —
513 1661 634 1700 noscere
656 1655 807 1715 poscemus
828 1661 904 1718 qnae
925 1641 969 1698 vis
990 1645 1021 1698 et
1041 1659 1129 1699 causa
1145 1641 1246 1719 cieret,

86 1761 181 1816 quove
198 1744 292 1801 modo
303 1744 551 1817 20330210110010
568 1744 681 1802 lumine
691 1743 783 1800 obire.
809 1737 914 1800 Codd.
932 1763 1029 1821 quove
1039 1745 1129 1803 modo
1139 1745 1247 1802 offecto

88 1845 200 1905 lumine
222 1847 317 1905 obire.
348 1839 386 1902 L.
412 1841 518 1918 „itali
540 1847 573 1902 et
589 1839 751 1902 Marullus
774 1839 972 1903 addiderunt
992 1843 1116 1904 0010021
1132 1863 1248 1924 parum

88 1942 264 2008 observata
285 1951 470 2006 structurae
493 1943 631 2006 ratione.
664 1943 769 2006 multo
792 1942 914 2005 rectius
926 1951 1052 2024 posceret
1068 1941 1248 2006 Brixiensis

90 2045 232 2110 editi0.“
262 2046 426 2110 Nonnulli
442 2046 507 2109 loci
524 2046 696 2109 offendunt
711 2045 884 2122 anomalia,
903 2045 931 2124 I,
950 2049 1011 2109 356
1029 2069 1078 2128 sq.
1096 2045 1130 2108 in
1147 2067 1248 2107 enun-

90 2148 231 2214 tiatione
249 2148 481 2214 conditionali:
506 2154 665 2231 quodnisi
687 2155 788 2212 inania
806 2149 882 2221 ciret,
904 2174 963 2232 qna
983 2158 1106 2231 possent
1126 2172 1250 2230 corpora

91 2279 226 2338 quaeque
246 2260 374 2317 transire
394 2258 476 2316 haud
497 2257 559 2316 nlla
577 2258 642 2315 fieri
656 2257 773 2314 ratione
791 2252 918 2323 viderer,
936 2250 1017 2313 item
1033 2250 1061 2328 I,
1080 2253 1141 2313 592
1158 2272 1247 2332 sqq.:

15 2381 17 2400 ³
91 2384 158 2422 nam
180 2366 206 2422 si
228 2361 392 2441 primordia
411 2381 511 2418 rerum
533 2361 710 2418 commutari
732 2360 834 2437 aliqua
852 2359 973 2432 2033021
995 2359 1111 2417 ratione
1127 2359 1250 2430 revicta,

92 2466 242 2526 incertum
267 2485 387 2542 quoque
411 2465 472 2522 iam
497 2463 610 2520 coartet
635 2462 708 2539 quid
733 2463 828 2540 possit
852 2463 921 2520 oriri
948 2495 978 2502 --
1004 2480 1059 2519 nec
1079 2491 1111 2502 —
1125 2459 1251 2536 posceret

94 2570 173 2627 cett.
191 2564 235 2642 V,
249 2565 311 2626 276
322 2585 410 2644 sqq.:
430 2567 481 2643 qui
497 2567 554 2624 nisi
572 2559 1251 2642 00000οο000002012212011011030000001000

94 2671 224 2745 fluentis,
235 2671 337 2730 omnia
347 2671 406 2728 iarn
416 2670 549 2727 resoluta
548 2662 671 2747 forent.
689 2662 755 2739 III,
768 2665 829 2724 682
838 2684 900 2743 sq.:
913 2668 994 2725 haud
1004 2660 1252 2724 11000200210001

94 2776 140 2832 uti
156 2796 224 2834 curn
241 2793 364 2851 corpore
375 2776 406 2831 et
417 2792 476 2829 una
486 2791 554 2828 curn
564 2770 706 2828 membris
715 2762 857 2826 rridectar
871 2769 903 2826 in
914 2770 979 2847 ipso
989 2769 1135 2844 sanguine
1146 2785 1250 2824 cresse.

96 2873 192 2936 Addo
215 2894 318 2936 unum
337 2870 446 2932 locum
467 2867 624 2930 orationis
646 2865 809 2947 obliquae,
830 2865 893 2944 IV,
917 2869 978 2928 822
1000 2887 1087 2948 sqq.:
1115 2870 1197 2928 Illud
1221 2869 1253 2926 in

96 2981 140 3038 his
164 2983 275 3040 vitium
298 2983 454 3036 vementer
476 2977 559 3035 rebu'
584 2979 734 3034 necessest
758 2975 888 3050 effugere
908 3007 939 3014 —
965 2969 1081 3030 122222
1103 2973 1253 3031 nefarias

98 3087 251 3144 oculorum
274 3083 354 3140 clara
374 3081 489 3146 000010,
512 3079 681 3156 prospicere
701 3081 737 3134 01
752 3093 918 3151 possemne.
952 3071 1005 3134 sie
1020 3071 1253 3132 Lachmannus

98 3203 153 3263 pro
170 3181 337 3264 possimos,
364 3177 475 3240 dicens
496 3179 593 3241 haec:
619 3173 693 3253 „ita
714 3173 799 3236 enim
816 3195 944 3256 semper
959 3172 1145 3248 Lucretius,
1168 3177 1204 3232 ut
1220 3169 1254 3232 in

99 3284 253 3365 proximis
268 3287 416 3346 Bracchia
431 3290 496 3342 tum
516 3304 604 3363 porro
620 3283 728 3341 validis
744 3303 779 3340 ex
794 3286 866 3359 apta
875 3282 995 3339 lacertis
1005 3282 1079 3337 Esse
1088 3298 1253 3355 manusque

16 3449 17 3454 ,
100 3391 191 3465 datas,
207 3393 253 3451 Ut
267 3392 365 3448 facere
380 3389 419 3448 ad
438 3389 533 3446 vitam
551 3401 703 3460 porreiras
724 3403 799 3461 quae
820 3385 898 3442 soret
918 3404 999 3455 usus,
1020 3375 1075 3438 ubi
1091 3375 1254 3438 Marullus

15 3479 17 3488 ὃ
100 3491 227 3553 3010000
238 3488 409 3570 2003312223·
432 3492 466 3548 01
482 3490 537 3548 Nil
556 3490 624 3547 ideo
646 3488 789 3565 quoniam
809 3491 945 3546 natumst
960 3486 992 3542 in
1009 3504 1142 3562 corpore,
1158 3489 1193 3542 01
1208 3485 1255 3542 nti

101 3598 265 3657 Possemus.
289 3588 396 3652 sedin
412 3591 474 3651 hoc
492 3587 531 3649 de
549 3609 611 3668 quo
629 3585 738 3668 agitur
753 3605 849 3646 versu
866 3589 903 3645 ut
919 3581 1025 3665 priora
1040 3581 1255 3665 praeteritum

101 3701 246 3779 tempus,
277 3693 325 3754 ita
350 3712 432 3773 quae
459 3695 614 3752 secuntur
638 3709 791 3772 praesens
810 3685 961 3780 porcileae
987 3683 1138 3767 exigunt,
1166 3694 1197 3747 et
1221 3694 1256 3746 01

102 3805 231 3880 proferre
251 3801 311 3859 viai
327 3801 470 3858 Proceros
491 3818 603 3876 passus,
624 3797 692 3854 ideo
712 3796 834 3870 fastigia
855 3813 940 3871 posse
957 3796 1098 3851 Snrarum
1118 3811 1152 3848 ao
1172 3792 1256 3849 t'emi·

103 3928 172 3965 num
187 3905 316 3985 pedibus
332 3904 459 3961 fundata
475 3900 589 3979 plicari,
607 3915 683 3975 ergo
701 3893 751 3954 his
772 3890 939 3975 proprium
958 3891 1095 3953 verbum
1116 3887 1256 3952 attribu-

104 4006 221 4068 endum
238 4007 290 4065 est
305 4003 368 4064 hoc
384 4001 493 4076 moda,
511 4009 542 4062 01
558 4008 593 4061 01
609 4003 741 4081 proferre
762 3993 972 4074 QUEAMUS
985 4001 1127 4057 Proceros
1143 4017 1255 4076 passus.

103 4131 196 4171 versu
214 4129 245 4168 v.
264 4107 324 4168 877
343 4112 433 4166 Nunc
449 4110 501 4186 qui
515 4110 569 4166 fiat
584 4108 630 4164 uti
646 4125 749 4184 passus
766 4105 897 4182 proferre
914 4101 1087 4179 queamus.“
