2978 4964
216 351 256 412 88
632 367 791 412 6666666.
825 366 896 410 cnr.
914 365 960 410 1v.

217 542 302 602 sedes
328 561 390 602 esse
415 543 504 602 deum
526 575 556 584 -
578 537 610 598 66
635 539 740 600 mundi
759 535 905 617 partibas
929 534 1014 598 66666.
1045 557 1077 598 6.
1096 538 1157 599 696
1183 541 1319 600 crassior
1345 543 1390 600 est

218 639 310 702 666666
323 639 512 720 inpartibus
527 648 586 704 666.
606 663 638 702 v.
653 640 713 703 736
723 647 815 722 atque
831 643 890 702 alia
905 643 987 702 illins
997 645 1128 722 reparari
1143 639 1179 702 66
1191 645 1289 720 porte
1307 639 1390 701 6666·

220 768 286 827 que.
318 742 385 820 III,
403 745 466 806 666
482 765 531 825 sq.
555 743 690 805 66666666
712 767 774 806 esse
789 747 886 823 igitur
900 750 981 805 totas
997 746 1131 806 dicemus
1147 741 1180 805 66
1197 741 1265 805 illis
1274 739 1391 823 parti·

218 845 297 908 66666
319 850 453 911 animast
475 845 523 922 ΙΙ,
542 848 597 908 29:
620 851 764 930 prostrati
785 844 818 906 66
835 843 975 926 96666666
988 843 1075 906 666666
1095 872 1127 898 =
1147 843 1190 923 V,
1208 847 1312 923 1392,
1333 841 1391 906 ubi

218 954 383 1012 corrector
412 947 549 1031 oblongi
573 948 713 1029 qremine
742 946 875 1032 scripsit
903 969 961 1032 pro
988 947 1142 1028 9666666.
1179 947 1228 1025 11,
1251 949 1297 1011 35
1318 969 1389 1028 sq.:

218 1051 377 1114 tortilibus
391 1057 416 1114 si
431 1050 465 1114 66
477 1050 610 1131 picturis
626 1057 766 1135 ostroque
781 1051 903 1114 6666666
918 1056 1047 1129 iaeteris,
1064 1056 1195 1133 quamsi
1211 1050 1245 1112 66
1253 1048 1391 1131 plebeia

195 1159 298 1216 ’66666
318 1158 489 1217 cubandum
510 1163 564 1218 est.
596 1152 643 1232 II,
666 1156 722 1219 37:
749 1179 809 1238 qua
832 1163 956 1238 propter
982 1159 1125 1236 quoniam
1150 1159 1195 1216 nil
1219 1159 1329 1216 666666
1357 1151 1391 1214 ia
1420 1143 1423 1150 ²

218 1277 341 1338 corpore
355 1281 446 1338 gazae
461 1262 632 1341 proficiunt.
651 1279 680 1322 v.
699 1258 762 1322 636
774 1259 848 1340 (res)
865 1282 941 1341 quae
956 1258 990 1320 66
1006 1277 1128 1337 corpore
1144 1264 1254 1320 natast.
1271 1279 1307 1319 v.
1322 1257 1388 1320 438

219 1385 288 1424 666
312 1365 440 1425 turbant
464 1379 587 1440 corpore
610 1360 643 1421 66
668 1359 733 1442 6666
757 1366 880 1426 semina.
907 1383 939 1424 v.
957 1360 1035 1423 673:
1061 1361 1095 1422 66
1119 1381 1242 1440 corpore
1265 1365 1387 1424 661666.

218 1487 249 1527 6.
269 1465 346 1526 8526
370 1469 480 1528 mixtos
502 1462 535 1524 66
551 1483 674 1543 corpore
690 1468 805 1528 odores.
836 1486 868 1528 v.
886 1466 964 1526 958:
988 1462 1192 1526 6666666666
1207 1463 1242 1524 66
1257 1483 1389 1544 corpore

219 1575 346 1632 motum.
377 1565 444 1644 III,
463 1568 524 1630 128
541 1587 590 1646 sq.
615 1573 661 1628 est
680 1571 775 1647 igitur
797 1572 1050 1630 caloracventus
1066 1571 1167 1630 vitalis
1184 1565 1299 1647 inipso
1318 1586 1388 1628 eor-

215 1691 301 1751 pore.
333 1669 495 1747 III,138:
519 1674 667 1733 dominari
688 1674 720 1732 in
741 1694 864 1754 corpore
883 1677 960 1733 toto.
992 1692 1023 1732 v.
1042 1671 1103 1734 169
1125 1675 1295 1734 consentire
1320 1676 1386 1734 ani·

219 1798 303 1838 mum
327 1777 415 1838 nobis
438 1772 472 1834 66
496 1792 619 1853 corpore
643 1777 748 1836 cernis.
779 1796 810 1836 v.
829 1773 890 1836 227
916 1771 1090 1856 (efficiunt)
1115 1777 1238 1836 odorem
1263 1773 1297 1836 66
1321 1777 1386 1835 6666

220 1881 409 1958 6666666661.
426 1899 457 1938 v.
472 1878 532 1939 256
549 1880 727 1958 plerumque
744 1881 780 1940 fit
795 1876 828 1938 66
843 1897 954 1938 6666666
970 1882 1054 1958 quasi
1072 1896 1194 1956 6666666
1208 1883 1276 1942 finis
1291 1883 1385 1942 moti·

219 1983 285 2044 bus.
306 2000 338 2041 v.
357 1980 419 2044 276
438 2003 494 2042 666
513 1983 609 2060 magis
628 1983 702 2041 haec
721 1984 799 2042 insra
820 1984 981 2061 quicquam
1003 1988 1049 2046 e'st
1069 1978 1102 2040 66
1122 2000 1245 2061 corpore
1264 1986 1383 2044 666666.
1473 2031 1474 2040 .

220 2104 251 2144 6.
270 2082 331 2145 379
355 2087 502 2165 quantula
523 2087 608 2164 priva
629 2090 743 2163 queant
762 2085 850 2146 nobis
871 2086 983 2146 iniecta
1003 2087 1080 2146 ciere
1102 2089 1261 2148 sensiferos
1280 2093 1384 2149 motus
1474 2089 1475 2182 1

222 2183 256 2247 66
272 2205 396 2266 corpore
414 2190 480 2248 6666
482 2206 525 2248 ro.
548 2207 581 2247 v.
599 2186 661 2248 683
684 2209 807 2267 corpore
826 2190 858 2247 in
880 2189 954 2267 ipso.
976 2207 1008 2248 v.
1027 2189 1088 2250 506
1105 2207 1178 2270 sqq.
1196 2193 1269 2252 haec
1285 2194 1385 2271 igitur

221 2293 316 2355 tantis
332 2293 384 2352 ubi
400 2293 512 2352 morbis
527 2308 649 2369 corpore
664 2287 697 2348 66
712 2286 779 2367 ipsc
794 2293 996 2350 iactentur
966 2313 1068 2352 cur
1083 2295 1188 2353 eadem
1204 2275 1340 2356 eredis
1316 2317 1382 2356 sme

221 2416 343 2475 corpore
364 2390 398 2452 66
419 2395 487 2456 atre
506 2396 668 2471 66666-6
696 2399 827 2454 aetatem
849 2394 957 2472 degere
978 2391 1134 2475 posseiv
1138 2397 1225 2458 ,561
1248 2401 1382 2460 animam

219 2493 412 2577 glomerari
400 2515 434 2556 66
454 2514 577 2575 corpore
597 2517 700 2557 eornm
726 2530 757 2538 *
783 2519 836 2577 qui
827 2498 932 2557 cett.
951 2516 982 2556 6.
1002 2497 1063 2558 575
1079 2505 1195 2576 motus,
1217 2524 1293 2581 quos
1309 2508 1381 2564 ante

220 2597 254 2660 66
269 2595 370 2660 666666
386 2606 417 2660 66
433 2597 466 2660 66
482 2596 547 2678 ipso
563 2616 685 2677 corpore
700 2601 819 2677 agebat.
838 2619 868 2658 6.
881 2598 942 2662 587
958 2603 1074 2662 viarum
1089 2605 1192 2680 flexus,
1207 2601 1242 2664 66
1258 2623 1381 2684 corpore
1476 2591 1477 2618 *

220 2706 273 2784 qui
288 2709 369 2764 sunt.
386 2723 418 2765 6.
431 2703 492 2764 590
510 2709 541 2764 66
556 2706 639 2785 prius
655 2724 718 2763 esse
733 2704 791 2763 sibi
807 2704 982 2765 distractam
993 2723 1115 2783 corpore
1128 2703 1163 2766 66
1178 2704 1254 2786 ipso.
1272 2728 1305 2768 v.
1319 2708 1380 2770 666

219 2829 311 2869 unam
335 2809 520 2870 animantem
547 2809 660 2866 animas
684 2805 824 2866 habuisse
852 2801 886 2864 66
910 2824 1032 2883 corpore
1055 2813 1176 2872 multas.
1206 2831 1238 2872 v.
1262 2811 1322 2874 709
1348 2809 1381 2872 66

221 2911 322 2970 cestro
338 2912 512 2970 dominatur
528 2926 650 2986 6666666
665 2913 745 2968 nata.
768 2926 799 2965 6.
820 2905 895 2968 714:
914 2930 1037 2989 corpore
1051 2915 1084 2973 in
1100 2916 1246 2976 exanimo.
1267 2934 1299 2975 6.
1321 2913 1380 2976 713

222 3018 258 3073 66
273 3014 372 3072 nullas
388 3013 482 3091 partis
502 3008 535 3070 66
557 3028 679 3089 corpore
694 3012 819 3091 liquerit
835 3032 869 3072 ex
885 3033 925 3073 se.
954 3032 985 3074 6.
1006 3013 1065 3075 765
1082 3012 1115 3076 66
1131 3019 1233 3077 666666
1249 3023 1381 3080 teneras·

221 3137 286 3178 cere
311 3131 433 3193 corpore
456 3119 599 3175 mentem.
624 3133 655 3173 v.
682 3112 741 3175 773
767 3117 909 3176 66661666
932 3137 1051 3178 manere
1076 3115 1110 3178 666
1135 3138 1257 3200 corpore
1276 3119 1378 3200 petri.

220 3238 252 3279 v.
276 3217 336 3279 799
362 3219 521 3278 confiteare
546 3218 676 3278 animam
701 3219 877 3278 distractam
902 3214 936 3278 66
960 3238 1082 3298 corpore
1107 3225 1180 3284 6666.
1220 3219 1282 3300 IV,
1301 3224 1378 3286 268:

222 3345 344 3404 corpore
365 3357 396 3366 -
417 3324 449 3383 in
470 3325 583 3381 nostro.
608 3339 639 3379 6.
660 3318 736 3381 716;
760 3323 910 3399 gallorum
930 3318 1111 3402 incorpore.
1137 3346 1169 3386 6.
1188 3327 1251 3388 336
1270 3331 1303 3390 in
1319 3351 1381 3392 cor·

195 3481 197 3490 .
222 3448 302 3508 pore.
322 3446 353 3486 v.
372 3423 432 3487 887
450 3426 573 3486 ferit-
593 3419 627 3482 66
642 3441 765 3501 corpore
780 3425 854 3483 6666.
877 3444 908 3485 6.
928 3424 1027 3486 12216
1050 3430 1146 3490 mixta
1160 3449 1214 3490 sco
1230 3435 1333 3494 celant
1348 3429 1381 3494 66

222 3547 344 3609 corpore
362 3551 450 3610 saepe
471 3529 614 3610 parentis.
644 3521 705 3601 VI,
728 3524 806 3587 897:
828 3522 862 3586 66
883 3531 983 3589 taedai
1004 3547 1127 3609 corpore
1148 3536 1323 3598 adhaerent.
1347 3557 1379 3598 6.

222 3632 323 3698 1034:
345 3655 391 3692 res
411 3654 514 3694 omnes
530 3633 643 3692 debent
663 3625 833 3706 incorpore
852 3633 962 3693 habere
977 3637 1054 3695 adra.
1085 3632 1134 3712 II,
1152 3637 1204 3714 56,
1223 3638 1274 3715 56,
1293 3639 1333 3700 58
1349 3642 1381 3701 in

221 3739 364 3804 tenebris.
401 3730 468 3809 III,
491 3732 529 3795 77
556 3736 614 3814 ipsi
645 3755 676 3794 se
701 3728 735 3790 66
760 3729 891 3793 tenebris
916 3738 997 3798 volvi
1024 3756 1176 3820 caecoque
1202 3749 1379 3822 queruntur.

222 3865 253 3906 v.
276 3841 314 3904 87
333 3858 405 3920 sqq.
429 3858 499 3897 nem
520 3838 569 3897 vel
583 3839 630 3898 uti
646 3837 731 3916 pueri
751 3868 783 3878 -
804 3839 905 3898 omnia
920 3835 1017 3899 666666
1032 3838 1065 3901 66
1081 3840 1213 3904 tenebris
1227 3851 1380 3922 metuunt,

223 3953 265 4012 sie
281 3942 384 4010 66666
400 3941 467 4002 6666
486 3941 628 3999 timemus
647 3940 831 4014 interdum,
848 3943 910 4002 nilo
927 3927 1090 4021 quaesunt
1105 3951 1270 4010 metuenda
1284 3953 1381 4029 magis

96 4131 99 4143 Ι
223 4079 313 4138 quam
329 4079 404 4137 quae
420 4056 506 4139 pueri
521 4042 555 4106 677
572 4039 701 4102 6137669666
717 4043 865 4123 1137168116.
886 4040 948 4119 IV,
967 4045 1026 4107 23]
1044 4051 1233 4114 intenebris.
1251 4071 1283 4113 V·
1301 4051 1378 4114 235:

222 4163 255 4222 id
270 4183 324 4222 nos
341 4168 511 4224 commovet
530 4157 564 4220 66
586 4150 733 4220 tenebris,
756 4141 790 4204 ie
806 4140 869 4204 6666
888 4166 964 4226 quae
983 4155 1097 4230 poterit
1111 4175 1158 4215 res
1173 4157 1308 4216 accidere
1329 4157 1380 4218 -6

223 4284 255 4325 6.
277 4264 339 4326 368
359 4267 391 4326 in
411 4268 553 4327 tenebris.
585 4259 647 4338 VI,
668 4262 708 4323 35
731 4243 882 4324 666663771
906 4247 1036 4314 6611θῦ668
1061 4267 1212 4319 metuunt.
1238 4278 1270 4318 v.
1288 4258 1329 4320 38
1349 4262 1381 4320 in

116 4430 118 4434 ,
224 4369 367 4430 tenebris.
384 4365 432 4444 II,
446 4369 485 4428 56
501 4371 532 4428 in
549 4370 623 4428 1666.
642 4361 704 4440 IV,
717 4365 793 4426 232:
812 4361 946 4426 cernitur
960 4355 994 4418 66
1009 4356 1076 4420 bace
1092 4368 1123 4422 et
1138 4359 1221 4421 66666
1237 4359 1378 4424 candore.
