2944 4968
225 353 266 418 40
627 375 797 420 suasurus.
831 376 904 420 oar.
920 375 972 422 111.

221 551 377 627 multaque
402 552 556 627 praeterea
580 542 637 606 7777
660 569 781 627 possum
805 550 1066 609 commemorando
1091 555 1270 626 argumenta
1288 550 1390 610 fidem

221 646 313 708 1777777
330 651 489 710 conradere
505 646 629 708 nestris.
651 669 682 708 1.
694 648 756 709 7778
773 646 823 708 cni
838 651 897 710 nisi
912 652 1009 729 prima
1023 651 1096 712 fides
1113 653 1240 712 fundata
1255 654 1389 713 valebit.

219 771 251 810 1.
278 749 358 812 4767
390 772 444 810 nec
473 753 551 812 clam
580 753 723 812 durateus
755 747 908 811 Troiianis
932 755 1079 830 Pergama
1107 787 1137 798 -
1167 757 1391 816 inflammasset

221 876 325 932 equos.
365 871 396 911 1.
424 852 502 914 7067
535 875 597 914 esse
626 861 786 933 utramque
813 850 873 912 sibi
898 875 950 934 per
976 877 1008 918 se
1031 877 1197 937 puramque
1220 865 1388 919 necessest.

220 975 251 1016 v.
265 954 324 1016 551
338 975 405 1035 sq.:
423 958 449 1016 si
464 958 579 1016 nullam
588 959 679 1018 finem
690 964 797 1020 natura
806 963 941 1036 parasset
939 954 1130 1038 srenpendis
1139 957 1238 1020 77711.
1255 979 1287 1020 1.
1300 959 1386 1020 8477

221 1080 318 1138 neque
340 1054 515 1135 corporibus
535 1061 625 1120 finem
648 1082 711 1120 esse
732 1056 883 1120 secandis.
916 1079 946 1120 v.
969 1059 1030 1120 568
1047 1081 1113 1140 sq.:
1138 1069 1169 1122 et
1189 1064 1276 1124 finita
1290 1065 1388 1124 simul

221 1164 391 1240 generatim
402 1167 540 1240 tempora
549 1159 637 1220 77771
652 1169 741 1224 stare.
758 1181 789 1222 1.
802 1161 1026 1224 6141777117117
1036 1161 1256 1224 seminaretis.
1274 1184 1305 1225 v.
1321 1163 1387 1225 707

220 1283 269 1343 sq.
285 1284 291 1321 7
309 1266 361 1343 qui
378 1265 559 1343 principium
572 1261 739 1341 piqnnndis
760 1269 829 1326 utra
847 1262 935 1324 77711
958 1267 1151 1328 constituere.
1183 1285 1214 1326 1.
1233 1265 1293 1328 746
1310 1267 1386 1346 aq.=

219 1369 302 1446 quod
333 1368 456 1428 omnino
486 1369 576 1426 finem
607 1389 665 1428 non
691 1388 754 1428 esse
778 1363 918 1428 secandis
942 1364 1114 1445 cerporibus
1138 1372 1254 1430 iaciunt
1284 1392 1388 1450 neque

225 1491 349 1550 pausam
365 1473 444 1528 stare
450 1465 590 1549 stupori.
611 1488 640 1532 1.
654 1466 730 1530 7977
750 1490 787 1528 117
803 1465 860 1528 7777
874 1491 921 1530 res
936 1473 1062 1532 redeant
1077 1473 1116 1532 ad
1131 1474 1228 1534 nilum
1244 1473 1388 1534 funditus

113 1561 117 1566 ¹
223 1594 335 1632 omnes.
360 1590 390 1630 v.
404 1569 481 1631 8767
500 1574 532 1632 id
548 1574 629 1652 quod
638 1575 830 1650 Anaxagoras
847 1567 906 1631 sibi
921 1575 1023 1634 sumit.
1045 1569 1204 1647 1111247
1222 1577 1309 1654 plura
1324 1572 1388 1634 sibi

222 1677 396 1735 adsumunt.
414 1670 443 1748 I,
455 1673 528 1734 9037
547 1697 622 1753 quae
637 1709 668 1718 -—
684 1681 787 1734 creant
801 1671 1047 1736 incendiasileis.
1064 1695 1095 1736 v.
1109 1676 1182 1738 918:
1201 1680 1388 1738 hacretiono

222 1773 280 1836 iiii
304 1784 433 1856 pereunt
457 1778 621 1855 primordia
643 1799 753 1838 rerum.
789 1796 821 1836 v.
845 1775 921 1838 9807
946 1780 1027 1838 unde
1049 1781 1131 1858 prius
1152 1776 1233 1838 717777
1253 1783 1388 1840 velarint

222 1884 362 1957 tempora
380 1899 490 1938 musae.
516 1898 547 1937 v.
561 1878 621 1938 975
639 1898 706 1958 sq.:
725 1876 880 1940 1711117777
900 1915 931 1922 -
953 1902 1109 1960 exponere.
1140 1900 1172 1939 v.
1191 1881 1266 1942 9787
1284 1885 1309 1942 si
1326 1879 1388 1942 7777

223 1983 301 2042 forte
318 1983 452 2040 animum
473 2014 504 2024 -
524 1987 627 2042 tenere
647 2017 679 2026 —
700 2004 827 2061 possem.
859 2001 888 2042 1.
909 1981 986 2044 9777
1004 2006 1132 2062 quorum
1148 1990 1310 2063 utrumque
1327 1981 1388 2042 7777

224 2086 368 2162 effugium
381 2085 559 2162 praecludit.
577 2104 608 2144 1.
622 2084 719 2146 10087
737 2088 861 2146 modum
882 2121 913 2128 -
933 2082 991 2144 siti
1012 2119 1043 2130 κ
1063 2085 1384 2166 1717171104777.

215 2180 386 2263 principiis
407 2207 506 2248 rerum
526 2189 657 2266 spatium
679 2194 859 2268 tempusque
881 2191 964 2267 fugai
984 2191 1096 2267 largiri.
1128 2209 1159 2248 1.
1185 2189 1282 2250 1112:
1308 2193 1386 2250 haec

223 2284 312 2346 rebns
329 2289 387 2348 erit
402 2309 469 2366 pars
484 2291 574 2350 ianua
590 2292 653 2350 leti.
681 2297 716 2349 'v.
736 2289 835 2352 11177
853 2294 897 2352 ita
911 2313 957 2351 res
973 2294 1139 2354 accendent
1154 2295 1269 2355 lumina
1283 2290 1385 2352 seins.

223 2387 270 2463 Il,
284 2388 338 2450 17:
357 2391 402 2450 nil
418 2392 501 2450 aliud
511 2388 569 2450 sibi
579 2400 718 2454 naturam
729 2395 847 2454 latrare.
866 2412 896 2454 1.
907 2393 960 2454 44.
979 2393 1036 2453 667
1053 2401 1130 2456 tute
1141 2391 1386 2472 dictisprnebere

225 2497 388 2553 memento.
406 2487 449 2566 V,
462 2491 539 2552 8167
557 2501 637 2556 terra
652 2497 753 2556 cibum
762 2493 871 2574 pneris
891 2531 921 2540 η
937 2494 1115 2573 praebebat.
1132 2516 1165 2556 1.
1177 2497 1253 2556 9917
1272 2499 1387 2576 pabula

223 2597 292 2654 viva
301 2589 389 2674 j’eris
405 2590 585 2671 praebebat,
609 2594 749 2656 dentibus
764 2601 899 2658 haustus.
931 2595 991 2672 VI,
1010 2599 1089 2675 8937
1100 2596 1228 2676 praebet
1248 2633 1280 2642 -
1299 2603 1386 2660 utili·

224 2703 319 2758 tatem
346 2730 376 2738 -
402 2692 572 2756 sitientibn'
594 2697 710 2758 nentis.
743 2697 791 2774 II,
810 2699 888 2760 108:
916 2705 988 2762 haec
1012 2708 1081 2763 aira
1104 2724 1204 2764 rarum
1228 2705 1386 2764 sufiiciunt

224 2795 318 2858 nob-is.
353 2817 383 2856 V.
410 2797 486 2858 1807
511 2821 702 2880 nequaquam
723 2799 808 2862 nobis
830 2803 977 2862 divinitus
1002 2825 1064 2864 esse
1088 2811 1219 2866 creatam
1243 2814 1385 2866 naturam

217 2903 340 2962 mundi.
358 2919 388 2959 1.
401 2899 480 2960 1877
499 2925 575 2980 quae
586 2899 642 2962 7777
652 2907 810 2983 posteriue,
821 2907 957 2980 Memmi,
974 2909 1116 2968 faciemus
1132 2914 1244 2987 aperta.
1262 2929 1293 2967 1.
1309 2910 1382 2969 1857

224 3006 397 3066 confirmare
414 2999 480 3060 7777.
504 3023 534 3062 v.
556 3003 631 3067 7707
650 3009 723 3066 ordo
733 3003 901 3083 principiis
917 3014 1062 3070 mutatus.
1079 3029 1111 3068 v.
1130 3009 1229 3070 11707
1248 3008 1385 3070 omnibns

224 3103 271 3164 771
300 3110 381 3165 aetas
412 3107 503 3164 debet
532 3110 694 3168 consistere
724 3105 820 3167 rebus.
858 3106 925 3184 Ill,
953 3108 985 3170 77
1013 3114 1086 3191 quid
1112 3114 1193 3172 enim
1218 3111 1384 3172 contendat

225 3211 354 3270 hirundo
376 3203 486 3288 cycnis.
519 3229 551 3268 v.
576 3210 651 3270 1797
676 3219 723 3270 est
741 3214 837 3289 igitur
856 3215 937 3277 calor
957 3236 991 3274 ac
1015 3221 1121 3274 ventus
1142 3218 1243 3276 vitalis
1263 3218 1295 3275 in
1317 3218 1384 3294 ipso

225 3333 356 3391 corpore,
378 3311 430 3388 qui
446 3307 531 3370 neiis
547 3315 741 3374 moribundos
757 3316 870 3375 deserit
884 3321 975 3376 artus.
1007 3336 1039 3375 1.
1058 3315 1135 3376 183:
1161 3319 1205 3377 nil
1224 3319 1298 3378 adeo
1319 3321 1384 3378 fieri

224 3417 314 3474 celeri
338 3417 455 3475 ratione
480 3415 615 3490 videtur,
644 3439 734 3495 quam
757 3413 817 3477 sibi
840 3439 924 3478 mens
948 3421 1012 3480 fieri
1037 3421 1181 3497 proponit
1205 3427 1235 3480 et
1259 3423 1385 3481 inchoat

224 3523 297 3598 ipsa.
328 3509 924 3598 1170111117,777771111711111717711177
948 3516 1022 3580 vide
1043 3516 1140 3580 huius
1162 3517 1237 3581 libri
1253 3540 1385 3582 versum

225 3623 286 3683 677
304 3627 338 3682 77
354 3623 455 3690 879-“
491 3641 522 3680 1.
548 3622 608 3682 756
629 3641 696 3702 sq.:
720 3625 897 3703 plerumque
918 3627 952 3682 fit
968 3625 999 3684 iu
1015 3645 1132 3684 summo
1154 3628 1239 3703 quasi
1260 3647 1385 3704 corpore

224 3731 291 3788 finis
307 3726 446 3788 77777777.
481 3748 510 3787 1.
530 3725 605 3788 5587
628 3728 681 3786 sed
696 3734 798 3791 tamen
818 3728 851 3786 in
872 3747 964 3805 parvo
981 3728 1136 3787 lincuntur
1151 3733 1287 3806 tempore
1304 3724 1383 3796 tubi,

224 3847 255 3890 1.
269 3827 406 3892 1111711111.
424 3852 456 3891 1.
470 3825 821 3891 68717771117177717111.
839 3848 870 3887 1.
885 3827 962 3888 729:
979 3832 1120 3909 ipsaeque
1130 3825 1189 3887 sibi
1199 3831 1386 3890 fabricentur

225 3935 277 3996 ubi
299 3937 371 3998 sint.
402 3953 434 3992 v.
459 3931 537 3993 9837
564 3953 724 4009 casumque
749 3933 860 3990 timent
885 3953 973 4010 quem
998 3928 1105 4012 cuique
1129 3935 1207 3991 ferat
1227 3935 1297 3992 fora.
1329 3928 1384 3990 Sic

226 4032 402 4115 oblongae,
414 4031 504 4110 Itali,
517 4030 595 4094 olim
605 4029 765 4113 impressi,
778 4029 952 4092 Marullus.
969 4050 1177 4114 quencnnqne
1191 4030 1382 4114 quadratuS,
1426 4023 1429 4026 ’

225 4133 337 4217 itaque
354 4157 394 4198 ex
410 4135 478 4198 suis
494 4133 686 4198 Lambinus
705 4131 790 4194 infra
807 4135 889 4194 1086
906 4131 1121 4216 Quidve'seent
1137 4133 1222 4194 notis
1238 4157 1331 4196 casus.
1345 4171 1379 4179 —
1451 4163 1452 4192 1

225 4259 257 4299 1.
278 4240 376 4301 10281
401 4237 517 4318 nnpnis
538 4242 590 4319 qui
607 4234 749 4315 pentibus
770 4233 996 4314 imperitarent.
1027 4233 1089 4311 IV,
1107 4257 1139 4295 1.
1157 4237 1231 4298 398.
1254 4257 1285 4296 1.
1302 4237 1363 4298 437
1374 4261 1380 4297 7

226 4345 358 4404 obnitier
377 4335 499 4402 77777.
526 4339 579 4402 Sic
600 4337 844 4401 Lachmannus.
876 4336 957 4402 Itali
977 4343 1011 4400 et
1030 4336 1193 4402 Marullus
1215 4359 1280 4400 non
1302 4336 1382 4400 satis
