2886 4998
556 407 768 452 mensuruus,
1175 389 1236 452 125

64 595 95 634 v.
115 575 208 640 594:
232 601 322 660 saepe
344 582 446 658 alique
466 585 568 640 tamen
591 601 606 640 e
628 599 716 640 cause
731 580 880 640 labefacta
895 581 1016 640 videtur
1030 581 1073 639 ire
1089 581 1188 640 anime
1204 599 1237 638 ec

63 684 134 740 toto
157 685 244 742 solvi
265 686 303 742 de
327 705 450 763 corpore
470 685 558 744 velle.
589 679 651 757 IV,
668 681 730 743 630
747 701 813 761 eq.:
837 684 938 742 omnia
959 704 1012 761 per
1031 685 1121 742 flexos
1137 684 1237 743 editus

64 785 187 844 educta
218 788 326 846 licebit
356 786 492 866 pluribus
522 788 594 846 haec
623 788 752 866 speculis
775 788 936 846 videantur
959 787 991 844 in
1016 785 1140 845 sedibus
1165 807 1236 845 esse.

64 905 96 944 v.
117 885 190 947 696
208 891 345 949 redolere
361 889 511 948 videntur.
542 908 573 948 v.
594 888 693 948 1112:
715 909 785 950 nem
807 892 903 948 secere
924 888 1098 948 interdum
1112 890 1191 948 velle
1207 895 1239 948 et

64 997 194 1052 certare
224 994 377 1052 videntur.
417 987 458 1064 V,
485 990 562 1051 581:
594 1013 663 1051 nam
692 993 774 1071 prius
803 995 903 1052 omnia
932 1025 962 1034 -
992 993 1091 1071 specie
1115 995 1239 1051 confuse

64 1095 224 1154 videntur
244 1115 336 1173 quem
356 1089 454 1152 minui
473 1096 567 1153 filum.
599 1089 652 1152 Sic
674 1091 847 1155 Bentleius
867 1113 999 1175 prorsus
1025 1089 1156 1173 egregie
1180 1111 1238 1173 pro

65 1191 123 1253 mi.
160 1193 232 1271 III,
256 1194 316 1257 773
337 1217 375 1256 cn
395 1193 502 1255 metuit
523 1194 664 1256 conclusa
680 1215 801 1257 manere
815 1201 846 1258 in
863 1219 986 1277 corpore
1002 1199 1093 1277 putri.
1127 1217 1158 1256 v.
1176 1195 1238 1256 978

67 1315 121 1376 sq.
143 1321 225 1379 quae
239 1335 271 1342 -
287 1301 408 1379 prodite
417 1307 490 1359 sunt
498 1320 570 1360 esse.
588 1296 648 1372 IV,
662 1299 805 1380 201sqq.
823 1304 896 1361 huec
912 1309 1118 1361 comuntur-
1131 1301 1239 1359 diffun-

67 1402 147 1461 dere
172 1425 235 1463 sese
256 1424 370 1482 perque
392 1404 491 1462 volere
513 1423 602 1463 mere.
634 1421 665 1461 v.
685 1403 762 1464 231:
784 1407 879 1484 figura
905 1439 937 1448 -
962 1406 1154 1482 cognoscitur
1176 1423 1238 1462 esse

70 1507 195 1566 eedem.
234 1501 297 1579 VI,
325 1503 401 1566 716:
428 1507 479 1585 qni
505 1507 615 1566 etesiae
640 1527 703 1566 esee
727 1508 874 1567 feruntur.
911 1527 941 1566 v.
969 1507 1046 1566 848:
1073 1523 1135 1566 eece
1159 1508 1240 1585 apud

70 1611 262 1669 Hammonis
288 1611 392 1668 fanum
416 1612 483 1668 fons
507 1610 574 1669 luce
596 1610 704 1670 diurne
727 1611 855 1688 frigidus
879 1643 910 1653 ·—
936 1612 1040 1670 fertur.
1071 1604 1240 1668 Attractio

73 1725 178 1770 cesus
193 1706 375 1791 praedicati
392 1706 427 1770 in
443 1706 579 1771 dativo
595 1708 756 1794 reperitur
771 1708 812 1786 V,
826 1711 904 1773 lle:
922 1715 1033 1792 quidve
1048 1709 1240 1793 meliseerct

72 1810 168 1872 nobie
182 1837 242 1874 non
259 1831 323 1874 eree
338 1810 472 1873 creatio?

168 1918 198 1977 4.
215 1911 408 1976 Infinitivus
423 1913 582 1976 eonsilium
593 1913 662 1978 sive
672 1912 906 1977 necessitatem
917 1912 1080 1998 exprimit.
1099 1913 1238 1992 1,1005:

75 2041 136 2079 nec
154 2042 289 2100 prorsum
304 2023 401 2080 fecere
417 2025 452 2080 ut
467 2025 561 2080 restet
571 2015 676 2081 ¹minus
695 2017 742 2080 e're
756 2023 893 2081 meando.
925 2016 1084 2080 Similiter
1100 2016 1142 2093 V,
1161 2018 1238 2080 227:

79 2125 131 2182 cni
156 2131 275 2184 tuntum
298 2127 331 2183 in
355 2126 419 2184 vite
441 2129 536 2182 restet
565 2119 697 2182 traneire
720 2126 877 2184 melorum.
918 2119 971 2182 Sic
995 2141 1054 2202 pro
1079 2119 1240 2180 trarecr'recl

79 2219 279 2286 Lactantius
302 2223 342 2287 de
365 2221 494 2306 opificio
512 2220 566 2284 dei
580 2220 647 2300 ΙΙΙ,
666 2225 696 2286 2.
729 2221 918 2285 Quadratus
935 2222 1069 2284 transire
1084 2227 1139 2283 eet.
1171 2220 1239 2299 ΙΙΙ,

82 2325 145 2389 895
164 2348 229 2408 sq.:
256 2351 312 2390 nec
336 2331 439 2390 dulces
464 2333 622 2389 occurrent
647 2332 749 2390 oscula
772 2332 836 2390 nati
857 2324 1044 2406 praeripere.
1082 2347 1114 2387 v.
1139 2326 1237 2388 1030:

81 2431 199 2511 iterque
215 2434 302 2492 dedit
318 2433 487 2511 legionibus
503 2429 549 2491 e're
564 2454 617 2512 per
632 2434 738 2492 altum.
764 2451 795 2491 v·
814 2430 896 2492 1076
912 2450 978 2510 sq.:
997 2433 1137 2510 Denique
1153 2437 1240 2491 tento

85 2555 173 2613 opere
194 2538 226 2596 in
246 2536 346 2596 dubiis
367 2532 520 2612 trepidare
535 2535 662 2616 'periclis
682 2557 758 2616 quae
774 2538 852 2595 mele
868 2558 921 2595 nos
937 2530 1050 2611 inelyte
1064 2536 1139 2594 vitei
1154 2540 1241 2594 tante

86 2640 215 2717 cupido?
240 2635 282 2712 V,
295 2637 377 2698 1089
389 2657 455 2717 sq.:
474 2641 570 2699 varios
586 2641 709 2718 linguae
724 2641 841 2699 sonitus
856 2646 964 2698 nature
979 2631 1094 2713 ecbeye'l
1110 2633 1239 2696 mittere.

86 2735 146 2814 Vl,
160 2740 219 2802 766
230 2760 297 2820 eq.:
315 2743 369 2802 ubi
378 2743 410 2802 in
421 2761 541 2821 campos
550 2743 633 2802 cibes
649 2738 826 2800 descendere
842 2743 969 2819 ningues
985 2740 1116 2799 tabificis
1128 2736 1241 2815 erbiqit

86 2847 175 2905 rediis
195 2848 241 2906 eol
260 2847 361 2906 omnia
380 2846 522 2905 lustrans?
552 2840 614 2919 IV,
633 2843 733 2906 1082:
752 2849 783 2905 et
798 2845 1067 2916 stimulisubsunt,
1084 2844 1136 2920 qui
1152 2838 1241 2900 ieeli-

83 2949 159 3020 eeot
168 2946 289 3008 laedere
296 2951 330 3008 id
339 2951 447 3028 ipsum.
468 2965 500 3006 v.
514 2947 612 3009 1196:
630 2950 800 3008 communie
814 2967 959 3027 quaerens
973 2947 1083 3026 gaudie
1092 2941 1254 3024 sollicitet,

88 3053 216 3128 spatium
233 3049 390 3112 decurrere
405 3053 523 3112 amoris.
554 3046 595 3125 V,
614 3049 692 3110 945:
715 3057 747 3111 at
762 3048 869 3111 redere
884 3051 968 3110 sitim
983 3051 1066 3110 fluvii
1082 3051 1242 3128 fontesque

88 3151 243 3213 recederet.

170 3257 200 3317 t.
230 3253 421 3317 Infinitivus
446 3254 556 3316 locum
580 3257 674 3316 tenet
699 3251 817 3315 obiecti.
862 3251 890 3330 l,
918 3255 973 3315 16:
1004 3277 1064 3334 quo
1093 3275 1241 3335 quemque

89 3354 229 3420 indecere
244 3356 359 3438 perric.
392 3379 424 3418 v.
442 3358 519 3421 932:
544 3361 694 3420 exsolvere
715 3381 808 3440 pergo
829 3382 860 3410 =
880 3354 941 3430 lV,
961 3355 990 3417 7.
1021 3352 1050 3431 Ι,
1070 3355 1151 3416 1080
1174 3380 1242 3420 con-

92 3465 190 3524 cedere
215 3468 322 3543 pergat
348 3483 380 3513 ἐ
404 3458 453 3537 II,
475 3459 548 3523 237.
584 3459 634 3536 II,
656 3460 718 3522 946
743 3464 844 3542 pergit
868 3462 1059 3521 confundere.
1090 3455 1158 3536 III,
1180 3460 1241 3522 178

86 3583 206 3644 pergere
226 3569 375 3627 rationem
396 3562 531 3624 reddere.
564 3584 595 3624 v.
612 3564 674 3624 480
697 3587 819 3645 pergem
842 3566 1008 3644 disponere.
1039 3581 1070 3621 v.
1091 3563 1154 3624 422
1175 3587 1243 3626 cum

91 3665 186 3728 dicere
207 3687 345 3747 peream.
386 3687 417 3727 v.
444 3668 506 3728 948
531 3689 636 3747 perges
665 3702 695 3711 -
725 3670 853 3728 vincere.
892 3661 955 3740 IV,
981 3664 1058 3726 300:
1090 3673 1195 3728 contra
1218 3671 1243 3728 si

90 3768 208 3830 derdere
222 3789 346 3850 percos.
380 3767 440 3845 VI,
457 3771 515 3831 42:
540 3793 663 3850 pergem
679 3771 841 3850 perteierc.
872 3766 901 3843 I,
920 3767 975 3828 25:
996 3791 1126 3849 pangere
1143 3791 1242 3831 conor.

90 3869 147 3948 IV,
166 3872 266 3954 117ος
283 3876 308 3934 si
325 3870 424 3934 dicere
440 3891 538 3934 coner.
562 3869 591 3946 I,
609 3873 665 3934 31:
684 3879 770 3953 potes
791 3907 820 3915 -
842 3874 953 3932 iuvare.
976 3891 1007 3931 v.
1019 3872 1059 3932 41
1071 3890 1137 3950 sq.:
1155 3893 1243 3952 agere

95 4011 123 4019 -
143 3999 311 4058 possumus.
342 3985 373 4036 'v.
391 3974 454 4037 874
470 3999 529 4056 quo
545 3973 667 4054 perciet
688 4011 718 4019 —
740 3973 889 4056 coreflcew
905 3980 1012 4038 undae.
1043 3995 1075 4036 v.
1094 3973 1154 4036 375
1172 3995 1240 4056 sq.:

91 4083 129 4139 sic
144 4083 217 4141 alies
233 4101 353 4160 quoque
369 4102 415 4140 res
430 4082 557 4140 interne
567 4097 658 4157 poree
672 4075 783 4137 moveri
800 4085 831 4138 et
845 4082 963 4138 medere
978 4081 1087 4140 locum.
1118 4099 1150 4138 v.
1163 4077 1240 4140 378:

92 4206 147 4262 quo
166 4184 349 4263 squamigeri
365 4184 511 4259 poterent
524 4179 689 4260 procedere
707 4184 840 4242 tandem.
876 4201 907 4241 v.
931 4179 991 4242 879
1012 4200 1060 4259 sq.
1083 4178 1243 4241 concedere

93 4308 175 4365 porro
191 4307 251 4365 quo
261 4287 409 4362 poterunt
424 4287 532 4360 undae,
549 4307 617 4345 cum
633 4287 728 4364 pisces
743 4281 789 4344 r're
804 4280 970 4366 nequibunt
976 4279 993 4343 ‚7
1015 4303 1046 4344 v.
1064 4283 1142 4345 389:
1161 4285 1242 4343 haud

90 4386 198 4464 poteret
223 4423 254 4432 -
279 4387 422 4467 concede-re
441 4392 582 4468 epatium.
620 4407 649 4447 v.
672 4388 733 4448 395
750 4407 821 4467 sqq.
848 4409 902 4448 nec
926 4390 982 4447 teli
1005 4390 1122 4447 ratione
1139 4377 1242 4464 poderi
