2886 4998
223 356 283 417 1118
649 371 796 416 cronon.
829 372 900 415 one.
919 371 950 415 v.

219 549 375 626 sanguinis
399 567 465 607 acre
490 551 604 620 exurat,
628 553 732 606 tamen
754 546 785 604 in
807 565 913 605 nervos
934 540 1005 603 huic
1020 546 1141 604 morbus
1157 551 1189 604 et
1204 549 1290 604 artus
1307 544 1397 603 ibat.

220 648 324 710 Recte
339 644 519 709 Lambinus
536 645 600 730 qui.
636 643 797 706 Marullus
813 643 874 706 eui.

305 749 337 812 b.
376 749 477 810 Genus
501 746 692 827 pronominis
721 745 857 808 relativi.
904 743 1001 808 Quod
1029 744 1070 808 ad
1094 752 1249 809 neutrum
1274 765 1397 826 genus

217 849 355 928 attinet,
381 848 529 933 inprimis
555 847 841 914 commemoranda
865 854 916 912 cst
940 845 1081 910 formula
1106 848 1185 931 quod
1209 865 1301 928 cuper
1328 851 1383 908 eat

216 953 256 1016 de
273 975 336 1036 qua
351 951 426 1015 vide
446 972 516 1036 cap.
535 951 585 1014 IV
602 950 635 1014 in
651 974 682 1014 v.
703 971 802 1032 reaper.
835 951 947 1012 Genus
972 957 1137 1028 neutrum,
1159 955 1279 1031 utpote
1302 946 1387 1009 uni-

216 1054 342 1116 versale
363 1052 506 1135 positum
531 1059 582 1116 est
596 1053 736 1115 relatum
754 1051 795 1114 ad
811 1051 1026 1138 nomen'item
1041 1050 1227 1114 universale
1242 1070 1291 1111 rer
1309 1049 1388 1125 111,

217 1159 278 1222 181
295 1179 360 1238 sq.:
384 1161 466 1220 ocius
487 1179 557 1236 ergo
579 1161 696 1218 animus
716 1177 805 1237 quam
825 1175 873 1215 rer
894 1177 925 1216 se
946 1159 1060 1236 perciet
1081 1153 1161 1226 1111,
1183 1162 1255 1215 ante
1272 1157 1389 1214 oculos

215 1279 339 1344 puerum
354 1264 386 1322 in
401 1268 545 1342 promptu
560 1266 668 1320 natura
684 1262 813 1334 videtur,
830 1255 872 1319 ci.
886 1277 913 1318 c.
928 1256 1016 1319 XIII
1026 1256 1060 1318 b.
1086 1253 1272 1331 Inmitanti,
1291 1275 1387 1336 quae

216 1360 316 1443 vulgo
333 1359 464 1437 dicitur,
482 1358 723 1442 significatione
739 1359 882 1442 positum
901 1365 952 1422 est
969 1365 1122 1422 neutrum
1138 1359 1218 1441 qaod
1232 1356 1282 1434 Π,
1300 1359 1385 1420 248:

215 1469 297 1548 quod
318 1487 438 1527 cernere
458 1468 562 1545 possis,
584 1461 670 1544 quod
691 1461 828 1524 Laclinr.
850 1462 890 1526 ad
908 1462 951 1540 V,
969 1464 1051 1526 11133
1076 1459 1220 1546 explicat
1240 1480 1299 1542 per
1323 1480 1391 1544 quo

216 1567 267 1628 ad.
300 1563 525 1628 Memorabilis
547 1564 835 1643 1111111111,221;
859 1565 939 1649 quod
958 1587 1038 1628 arene
1063 1585 1095 1612 ·-
1120 1569 1233 1628 nullius
1250 1567 1389 1626 exitium

219 1674 336 1754 patitur
356 1677 465 1732 natura
486 1673 591 1744 videri,
612 1665 668 1730 ubi
689 1668 769 1750 quod
789 1666 960 1750 coniungit
982 1669 1067 1731 hanc
1084 1665 1286 1732 sententiam
1302 1685 1387 1727 cum

216 1770 381 1855 superiore
411 1768 653 1852 significatione
684 1769 907 1850 adversativa,
941 1777 978 1833 ut
1001 1770 1090 1833 idem
1115 1769 1159 1832 sit
1184 1767 1272 1852 quod
1298 1788 1387 1830 nuce

216 1879 327 1950 autem,
350 1871 502 1936 similiter
525 1878 623 1954 atque
645 1870 765 1936 dieitur
780 1875 860 1957 quod
874 1874 911 1952 11,
929 1875 1009 1958 quod
1022 1873 1084 1935 1111
1101 1878 1182 1936 cett.
1214 1872 1279 1934 Per
1297 1891 1385 1932 neu·

215 1984 304 2040 trum
319 1974 455 2060 pluralis
471 1973 597 2038 numeri
623 1975 808 2056 complures
832 1997 883 2038 res
906 1975 1230 2058 comprehenduntur
1248 1973 1277 2052 Ι,
1296 1975 1381 2036 634:

216 2089 375 2168 propterea
399 2085 478 2163 quia,
504 2103 579 2162 quae
602 2085 708 2142 multis
732 2087 804 2142 sunt
828 2085 964 2162 partibus
988 2090 1086 2158 aucta,
1112 2105 1172 2143 nou
1195 2088 1324 2162 possunt
1347 2101 1383 2140 ea

217 2208 293 2267 quae
304 2187 395 2247 debet
405 2188 547 2264 genitalis
557 2187 667 2246 habere
676 2188 827 2259 materies,
838 2188 933 2246 varios
949 2207 1087 2261 conexus,
1103 2187 1244 2266 pondera,
1261 2187 1383 2264 plagas,

217 2310 390 2362 concursus,
412 2295 522 2363 motus,
545 2311 597 2368 per
616 2305 693 2369 price
712 2310 757 2350 res
774 2311 909 2369 quaeque
925 2300 1081 2368 geruntur.
1112 2287 1168 2350 L.:
1186 2285 1381 2364 „Marullus

219 2385 398 2470 prudenter
422 2383 553 2468 scripsit
576 2408 668 2469 quae,
698 2391 738 2448 ut
764 2392 815 2450 111
838 2387 871 2449 in
897 2387 944 2466 Il,
972 2391 1043 2453 127.
1071 2388 1191 2452 l'alsum
1216 2385 1382 2469 estquod

221 2487 372 2552 fecerunt
387 2486 477 2563 Itali,
495 2507 552 2566 per
572 2498 684 2569 ques.“
716 2485 848 2550 Usitata
871 2495 921 2551 est
938 2489 1023 2572 apud
1042 2489 1233 2552 Lucretium
1250 2486 1381 2552 assimi-

218 2588 299 2652 latio
331 2587 510 2671 (attractio)
541 2588 670 2671 generis
700 2589 900 2673 pronominis
930 2591 1074 2669 relativi,
1105 2592 1154 2655 ita
1185 2599 1221 2655 ut
1250 2613 1318 2654 non
1351 2589 1382 2654 ei

219 2691 428 2756 substantiVo
453 2691 732 2768 accommodetur,
760 2691 800 2755 ad
822 2693 908 2776 quod
928 2694 1057 2776 proprie
1077 2694 1237 2778 pertinet,
1264 2693 1323 2756 sed
1351 2693 1382 2756 11

219 2793 305 2878 quod
323 2793 481 2876 sequitur.
514 2793 567 2856 Sic
584 2792 651 2870 III,
670 2795 725 2856 94:
744 2799 878 2858 Primum
894 2802 1028 2859 animum
1044 2801 1120 2874 dico,
1142 2801 1267 2858 mentem
1289 2817 1382 2880 quam

217 2921 305 2979 saepe
321 2921 470 2960 vocamus.
501 2894 748 2958 Lachmannus:
766 2898 891 2978 „Apud
908 2898 1093 2962 Charisium
1108 2923 1139 2983 p.
1153 2900 1214 2963 181
1231 2904 1381 2962 mentem

218 3019 307 3082 quam
322 2998 391 3080 (pro
407 2997 516 3080 quem).
538 3002 589 3057 est
610 3003 719 3059 autem
740 2996 845 3079 magis
868 3018 908 3060 ex
923 3021 986 3061 usu
1001 3006 1129 3083 pottae,
1147 3006 1185 3063 ut
1200 3021 1299 3062 versu
1316 3001 1379 3064 11111

217 3103 359 3163 habitum
375 3103 524 3180 quendam
541 3135 587 3176 --,
603 3097 804 3160 Harmoniam
814 3105 886 3162 Grai
902 3123 990 3184 quum
1006 3107 1122 3179 dicunt,
1139 3100 1222 3165 etin
1239 3099 1303 3179 IV,
1317 3104 1381 3166 132

216 3209 249 3265 in
264 3209 322 3268 hoc
338 3207 429 3280 caelo,
445 3202 497 3287 qui
513 3207 626 3266 dicitur
641 3205 703 3263 cir.
737 3203 886 3286 exceptio
909 3209 961 3266 est
980 3203 1013 3266 in
1029 3183 1222 3287 pronomine
1239 3202 1378 3288 duplici,

207 3287 252 3370 'et
268 3327 325 3389 per
339 3311 492 3368 neutrum
508 3303 540 3365 in
560 3304 688 3367 duobus
705 3304 903 3368 nominibus.
932 3306 991 3384 VI,
1005 3309 1065 3370 298
1082 3313 1188 3388 igneus
1199 3307 1255 3368 illc
1265 3313 1380 3370 Vertex

217 3429 301 3492 quem
311 3413 409 3490 patrio
419 3413 585 3472 vocitamus
596 3413 716 3471 nomine
727 3414 851 3471 fulmen.
875 3408 938 3486 IV,
950 3411 1011 3472 369
1027 3409 1063 3470 id
1077 3408 1157 3492 quod
1170 3433 1224 3473 nos
1238 3415 1380 3473 umbram

217 3516 374 3595 perhibere
398 3518 527 3573 suemus.
564 3509 624 3586 VI,
644 3512 704 3574 792
729 3534 781 3574 nos
803 3513 883 3594 quod
895 3511 1012 3595 fauces
1037 3516 1229 3593 perhibemus
1255 3521 1287 3575 et
1313 3533 1379 3576 ora.

218 3611 286 3688 III,
304 3612 366 3673 139
384 3615 560 3687 Consilium,
582 3611 661 3694 qaod
682 3637 736 3674 nos
752 3611 883 3675 acimum
905 3617 1089 3696 mentemque
1108 3637 1258 3676 vocamus.
1290 3612 1321 3688 I,
1341 3619 1382 3677 58

221 3715 306 3794 chae
321 3737 376 3776 nos
391 3713 544 3775 materiem
561 3718 589 3774 et
600 3713 754 3793 peuitclis
766 3735 892 3795 corpora
902 3722 990 3780 rebus
1051 3720 1214 3798 Appellare
1224 3723 1381 3779 submusf‘
1438 3729 1441 3746 ¹

218 3813 317 3878 Locis
341 3811 394 3876 his
419 3812 665 3876 aLachmauno
690 3813 801 3877 allatis
826 3815 910 3878 adde
926 3817 955 3893 1,
971 3818 1050 3880 433:
1077 3816 1157 3900 quod
1180 3821 1267 3897 quasi
1284 3818 1381 3880 lertio

216 3922 257 3980 sit
271 3941 397 3981 numero
418 3920 531 3977 onera
553 3924 681 3998 reperta,
703 3914 761 3978 ubi
783 3923 936 3980 neutrum
952 3916 1135 3980 nonhabet
1152 3937 1225 3978 eam
1241 3937 1379 3982 excusa-

216 4017 352 4096 tionem,
371 4039 468 4102 quam
484 4017 624 4100 protulit
639 4017 882 4081 Lachmannus.

304 4142 331 4184 c.
360 4121 512 4184 Numerus
529 4122 720 4201 proterritis
744 4120 880 4182 11111111.
916 4119 1058 4184 Pluralis
1083 4121 1275 4200 0111111111,
1299 4127 1378 4189 8831

218 4231 339 4288 mittere
361 4230 481 4305 signum
503 4229 656 4304 sanguinis
677 4233 730 4288 aut
745 4228 869 4305 aliquid,
892 4233 996 4286 nostro
1012 4247 1089 4307 quac
1105 4249 1228 4307 corpore
1244 4232 1380 4292 aluntur,

220 4327 307 4413 quod
323 4347 380 4412 per
396 4325 690 4408 breviloquentiam
708 4325 834 4388 <lictum
853 4333 904 4388 est
919 4346 977 4412 pro
994 4324 1118 4410 aliquid
1135 4348 1257 4406 eorum,
1283 4351 1377 4412 quae.
