2978 4964
231 359 268 422 76
642 377 797 422 πππαποα.
823 377 894 420 car.
920 377 966 420 w.

228 571 259 611 v.
279 551 356 612 5241
379 546 460 609 ὀπίαν
480 567 512 609 αα
531 543 628 608 αόπόίό
647 569 724 628 quae
739 553 811 608 sunt
825 551 960 629 perfecta
973 551 1079 629 figura.
1109 546 1138 624 I,
1156 549 1196 612 3⁷
1200 551 1234 612 5:
1256 548 1348 610 ὀπίαν
1363 568 1396 609 αα
1468 616 1469 628 ¹

228 676 314 735 posse
329 654 451 714 moveri.
471 671 503 711 v.
523 651 598 712 760:
622 653 745 712 inimice
759 653 857 712 modis
871 653 979 713 multis
993 657 1066 713 sant
1080 658 1173 734 atque
1187 675 1307 715 veneno
1323 655 1396 734 ipsa

228 759 286 818 sibi
300 752 382 814 ὀπίαν
397 771 439 814 αα.
455 774 488 814 v.
501 753 578 815 7691
596 755 776 833 mutantque
785 755 916 817 colorem
932 761 963 816 et
978 760 1076 816 totam
1091 751 1173 816 ὀπίαν
1187 773 1220 816 αα
1234 762 1394 818 naturam.

227 880 260 920 v.
279 856 355 920 78⁷:
378 878 433 918 nec
455 878 568 918 cessare
588 858 661 916 hese
681 852 763 916 ὀπίαν
783 874 815 916 αα
833 858 962 916 ππίανα.
993 875 1025 917 v.
1044 857 1107 918 910
1122 877 1191 938 sq.:
1213 881 1287 938 quas
1302 855 1396 918 ὀπίαν

227 980 259 1021 αα
282 963 357 1022 dent
379 965 481 1022 motus
505 961 725 1039 accipientque,
749 965 841 1039 atque
865 960 969 1020 eedem
994 961 1085 1039 paulo
1108 956 1191 1020 ὀπίαν
1213 963 1395 1020 aemulata

227 1085 327 1124 creare
341 1065 437 1142 ignes.
456 1081 488 1121 v.
507 1060 584 1122 913:
602 1063 693 1123 verba
708 1083 828 1141 qnoque
843 1063 908 1141 ipsa
922 1057 1004 1121 ὀπίαν
1018 1077 1053 1120 αα
1065 1065 1156 1142 paulo
1171 1061 1298 1123 ππίαίόα
1312 1069 1395 1125 sunt

228 1167 395 1228 elementis.
426 1160 469 1239 V,
487 1164 564 1225 185:
591 1166 725 1244 quidque
749 1161 830 1222 ὀπίαν
849 1180 913 1223 aeae
928 1165 1102 1240 πανππίίαία
1124 1168 1229 1228 ordine
1250 1171 1393 1246 possent.

227 1263 257 1344 Ι,
275 1267 355 1328 8191
379 1273 411 1328 αί
430 1289 505 1347 quos
524 1263 606 1326 ὀπίαν
620 1284 652 1326 αα
673 1268 747 1327 dent
762 1271 863 1327 motus
878 1267 1097 1347 accipientque.
1143 1263 1268 1328 Eadem
1284 1265 1394 1328 verbe

227 1369 386 1450 leguntur
405 1365 454 1445 II,
473 1367 534 1430 762
551 1371 585 1429 et
601 1368 695 1431 1069.
717 1365 746 1442 I,
765 1369 843 1429 8251
867 1389 935 1428 cum
954 1374 1058 1430 temen
1076 1365 1159 1429 ὀπίαν
1177 1386 1209 1429 αα
1229 1392 1333 1432 versus
1356 1392 1393 1431 ec

118 1531 122 1540 .
227 1476 318 1536 verba
332 1477 483 1534 necessest
498 1474 658 1534 confiteare
678 1505 711 1516 -
725 1466 851 1530 distare.
883 1466 932 1546 II,
950 1469 1028 1531 690:
1054 1493 1123 1532 eum
1138 1477 1242 1535 tamen
1257 1469 1342 1532 ὀπίαν
1357 1489 1392 1532 αα

227 1599 330 1638 versus
346 1596 379 1636 ac
394 1576 487 1635 verbe
501 1579 652 1636 necessest
671 1577 831 1636 confiteare
852 1575 912 1634 alia
931 1595 967 1634 ex
981 1576 1048 1634 eliis
1063 1575 1201 1636 constare
1216 1577 1390 1637 elementis.

227 1676 257 1753 I,
269 1677 347 1739 838:
365 1679 520 1756 sanguinis
535 1672 617 1736 ὀπίαν
631 1693 663 1736 αα
677 1678 783 1738 multis
799 1677 974 1737 coiunffibu'
989 1679 1097 1755 guttis.
1113 1673 1156 1752 V,
1170 1676 1251 1740 4521
1270 1685 1389 1758 quanto

198 1847 208 1864 κ
228 1784 323 1860 magis
338 1776 420 1840 ὀπίαν
435 1797 467 1840 αα
481 1781 624 1860 perplexa
638 1780 770 1842 coibant.
786 1774 816 1854 I,
828 1777 905 1838 899:
922 1783 1061 1840 terantur
1076 1774 1158 1839 ὀπίαν
1172 1798 1214 1840 αα.
1232 1777 1276 1856 V,
1288 1780 1387 1842 1100:

228 1886 333 1942 ππίπα
349 1885 422 1943 dum
437 1878 519 1942 ὀπίαν
533 1900 565 1941 αα
578 1885 654 1942 remi
670 1873 838 1960 stirpesque
853 1887 1003 1941 teruntur.
1034 1876 1083 1956 II,
1102 1881 1157 1942 291
1174 1879 1256 1942 ὀπίαν
1271 1901 1303 1942 αα
1319 1904 1389 1963 pro-

228 1987 317 2046 strati
341 1987 423 2045 cett.
453 2009 486 2036 =
513 1980 556 2059 V,
580 1983 674 2045 1992.
701 1979 749 2059 II,
772 1981 828 2044 67:
859 2005 921 2044 non
949 1980 1032 2042 ὀπίαν
1055 1999 1086 2042 αα
1109 1986 1222 2063 stipata
1245 1988 1389 2047 cohaeret

229 2089 379 2149 materies.
409 2106 442 2148 v.
459 2087 538 2148 461:
556 2091 678 2148 haerere
696 2088 777 2147 inter
791 2107 831 2146 se.
861 2081 928 2159 III,
947 2085 1024 2146 193:
1042 2081 1146 2146 ὀπαναί
1162 2090 1243 2149 enim
1258 2083 1340 2148 ὀπίαν
1354 2079 1388 2148 αα

228 2193 324 2269 megia
340 2193 437 2251 omnis
451 2191 589 2251 materiei
606 2211 722 2269 corpus.
752 2207 785 2248 v.
803 2187 882 2248 3251
906 2190 1116 2251 communibus
1136 2185 1218 2249 ὀπίαν
1231 2207 1264 2249 αα
1278 2193 1387 2251 radici·

229 2295 285 2354 bus
304 2289 430 2352 ίααναπί
455 2318 486 2344 =
513 2288 555 2368 V,
573 2291 647 2353 554.
675 2287 723 2366 II,
742 2290 797 2352 761
826 2287 908 2350 ὀπίαν
927 2308 959 2351 αα
979 2292 1121 2352 mortales
1140 2295 1246 2352 ππίππ
1267 2295 1385 2354 vivunt.

229 2415 261 2454 v.
280 2392 357 2455 1541
389 2393 543 2472 completa
567 2400 670 2455 meent
693 2391 775 2454 ὀπίαν
798 2409 829 2452 αα
853 2413 970 2473 conque
993 2395 1127 2473 globata.
1158 2390 1201 2468 V,
1219 2393 1297 2454 922:
1324 2417 1387 2456 non

229 2504 332 2558 temen
347 2493 429 2556 ὀπίαν
443 2515 475 2556 αα
490 2503 619 2578 possunt
634 2494 786 2574 ααππίαπα
803 2498 905 2556 creari.
921 2492 970 2571 ΙΙ,
989 2495 1066 2556 155:
1084 2492 1166 2556 ὀπίαν
1180 2513 1212 2555 αα
1226 2501 1385 2559 retrahun-

229 2607 288 2660 tur.
319 2618 352 2659 v.
375 2597 437 2660 348
464 2602 548 2671 inter
566 2622 598 2661 se
618 2601 746 2661 differre.
777 2617 808 2658 v.
833 2597 910 2658 351:
936 2619 992 2659 nec
1013 2602 1113 2660 minus
1134 2604 1226 2679 atque
1248 2603 1385 2662 homines

229 2699 311 2761 ὀπίαν
333 2719 365 2760 αα
389 2709 462 2762 ποία
486 2706 595 2764 cluere.
626 2722 657 2762 v.
675 2700 754 2762 3941
783 2707 836 2762 απί
859 2703 954 2779 magis
979 2697 1090 2761 απαίόα
1113 2697 1195 2760 ὀπίαν
1218 2719 1249 2762 αα
1273 2725 1386 2783 perque

229 2807 359 2885 plicatis.
389 2823 421 2864 v.
438 2804 516 2865 405:
541 2799 615 2866 haec
635 2806 732 2882 magis
754 2799 864 2862 αππίόα
879 2799 961 2861 ὀπίαν
980 2820 1011 2862 αα
1025 2823 1101 2864 nens
1115 2805 1222 2866 teneri.
1253 2824 1286 2865 v.
1302 2805 1384 2866 445:

229 2911 303 2968 haec
323 2909 420 2986 magis
440 2903 551 2966 αππίόα
572 2903 653 2966 ὀπίαν
673 2927 737 2967 sese
757 2927 820 2967 esse
840 2911 999 2966 necessest.
1030 2925 1062 2966 v.
1080 2904 1159 2966 3961
1182 2909 1306 2968 utinen
1322 2913 1386 2968 tem

230 3011 357 3070 diducta
370 3016 495 3090 repente
511 3005 592 3068 ὀπίαν
606 3027 638 3069 αα
659 3011 777 3089 possint
797 3009 961 3088 primordia
980 3043 1011 3052 —
1031 3030 1085 3088 per
1105 3043 1137 3052 -
1157 3011 1305 3070 furmina
1320 3032 1386 3090 per·

229 3133 359 3173 manare.
390 3130 421 3172 v.
439 3110 517 3172 439:
540 3113 732 3191 confundunt
747 3107 829 3170 ὀπίαν
843 3129 875 3170 αα
890 3113 1009 3173 concita
1023 3133 1152 3173 sensum.
1183 3131 1215 3172 v.
1232 3111 1312 3172 4541
1331 3135 1387 3174 nec

229 3217 401 3276 retinentur
416 3217 497 3276 enim
512 3210 593 3274 ὀπίαν
608 3231 640 3273 αα
654 3215 872 3293 glomeramina
887 3235 1032 3294 quaeque.
1056 3232 1088 3274 v.
1105 3211 1183 3275 484:
1200 3216 1283 3276 inter
1297 3237 1329 3276 se
1350 3249 1381 3259 —

229 3319 351 3378 variare.
382 3335 415 3376 v.
433 3316 511 3378 630:
538 3313 620 3376 ὀπίαν
642 3297 674 3376 αα
698 3320 776 3377 forte
800 3318 882 3396 quod
905 3319 995 3378 ermis
1019 3318 1139 3378 ludunt.
1168 3335 1199 3376 v.
1218 3315 1297 3377 6931
1324 3341 1387 3379 non

229 3441 289 3499 quo
310 3453 341 3462 -
362 3421 441 3480 nulli
461 3415 541 3478 ὀπίαν
562 3420 672 3481 seduc
693 3422 806 3480 sint-
826 3421 917 3480 idem.
948 3438 979 3479 v.
999 3419 1076 3479 9221
1099 3427 1135 3480 ut
1154 3425 1312 3500 nequeunt
1333 3425 1387 3483 ho-

194 3572 195 3576 ,
228 3524 325 3583 mines
354 3528 490 3584 armenta
519 3525 659 3602 feraeque
688 3518 770 3582 ὀπίαν
798 3538 862 3580 aesc
890 3523 985 3582 ullam
1008 3543 1072 3582 rem
1095 3524 1229 3601 gignere.
1270 3542 1303 3582 v.
1323 3523 1386 3585 942

230 3619 409 3707 (materies)
430 3627 562 3686 contulit
581 3619 663 3684 ὀπίαν
682 3641 714 3683 αα
735 3629 845 3684 motus.
876 3620 944 3700 III,
963 3623 1039 3685 1371
1064 3626 1197 3686 animum
1213 3631 1306 3706 etque
1322 3630 1387 3688 eni·

228 3749 310 3789 mam
329 3729 396 3788 dico
418 3725 580 3787 ααπόππαίπ
600 3728 698 3788 teneri
716 3723 798 3786 ὀπίαν
817 3744 860 3787 αα.
891 3746 922 3787 v.
942 3726 1020 3788 5591
1047 3729 1128 3788 ὀπίαν
1153 3749 1185 3788 se
1213 3729 1385 3791 coniuncte.

229 3827 292 3905 IV,
309 3827 388 3892 9471
407 3832 568 3890 coniuncte
582 3832 663 3891 inter
677 3849 718 3889 se.
740 3847 773 3888 v.
793 3827 869 3890 7261
893 3831 974 3892 inter
994 3851 1025 3890 se
1043 3831 1223 3909 iunguntur.
1239 3826 1283 3906 V,
1302 3830 1384 3892 1020

229 3935 393 3994 amicitiem
414 3965 444 3976 -
464 3928 590 4009 irmyerc
609 3935 732 3994 finitimi
753 3928 835 3992 ὀπίαν
854 3950 896 3992 αα.
928 3928 996 4007 III,
1014 3931 1091 3992 2581
1118 3953 1178 4012 quo
1199 3938 1289 4013 pecto
1304 3931 1386 3994 ὀπίαν

228 4053 292 4096 aeae
315 4031 412 4095 νπόαία
437 4069 468 4078 -
494 4036 627 4113 vigeant.
658 4055 688 4100 v.
707 4033 784 4096 2831
811 4040 962 4096 necessest
985 4041 1094 4096 ventus
1120 4040 1151 4096 et
1175 4039 1226 4096 air
1250 4041 1281 4096 et
1305 4039 1385 4098 calor

229 4134 310 4198 ὀπίαν
325 4155 356 4197 αα
370 4140 495 4216 vigeant
509 4133 677 4198 ααπνπόαία.
711 4134 752 4213 V,
771 4137 848 4198 919:
871 4134 983 4197 νπόπίαα
998 4141 1132 4218 potuisse
1148 4139 1241 4198 creari
1257 4133 1341 4198 ὀπίαν
1354 4158 1384 4198 αα

230 4242 359 4320 pecudes
375 4241 439 4300 etc.
460 4236 528 4315 III,
548 4240 609 4302 262
625 4260 691 4320 sq.:
713 4244 795 4302 inter
814 4243 894 4302 enim
914 4246 1037 4302 cursant
1056 4243 1221 4320 primordie
1241 4242 1384 4322 principi·

229 4341 314 4404 or'um
338 4345 471 4404 motibus
495 4341 576 4405 ὀπίαν
598 4362 640 4408 αα.
672 4340 739 4419 III,
758 4342 831 4406 332¹.
857 4363 889 4404 v.
907 4341 985 4404 4241
1018 4364 1078 4423 qua
1107 4348 1196 4404 tenus
1220 4349 1267 4404 est
1290 4362 1384 4405 unum
