2944 4968
598 348 769 393 SUBSTANT.
797 349 868 392 CAP.
886 350 923 392 11.

690 642 761 720 Cap.
786 643 827 702 ll.

475 771 668 836 Numerus
692 773 1042 836 substantivorum.

270 930 300 991 1.
326 926 512 1008 Singularis.
537 933 650 990 cervice
666 927 790 1009 legitur
805 926 834 1005 Ι,
852 929 905 990 35.
923 928 985 1006 VI,
1005 929 1076 992 744.
1098 928 1146 1006 II,
1165 932 1226 992 802
1247 935 1339 993 cervi-

184 1039 279 1092 cemst
298 1038 387 1092 recte
411 1028 543 1114 scripsit
559 1029 735 1111 Briegerus
751 1028 873 1092 Philol.
892 1030 1001 1108 XXV,
1018 1054 1050 1114 p.
1072 1032 1121 1094 78.
1155 1031 1339 1094 Collectiva

183 1130 425 1213 significatione
449 1131 498 1210 II,
517 1135 577 1196 801
604 1139 707 1215 pluma
731 1138 947 1196 columbarum.
993 1132 1170 1195 Notandus
1197 1141 1248 1196 est
1273 1133 1338 1196 sin-

182 1233 307 1315 gularis
329 1233 358 1312 I,
375 1237 454 1297 436:
482 1235 615 1315 eorporis
636 1241 762 1316 augebit
782 1261 940 1299 numerum
965 1260 1172 1318 summamque
1196 1246 1340 1319 sequetur

183 1335 237 1419 (cs.
255 1338 341 1419 422).
372 1337 456 1400 Toto
473 1335 531 1400 illo
548 1336 621 1399 loco
638 1335 813 1400 Lucretius
830 1344 1027 1421 exposuerat
1042 1338 1151 1400 omnia
1166 1337 1200 1400 in
1216 1338 1337 1400 mundo

182 1445 334 1501 constare
351 1461 391 1502 ex
407 1438 596 1524 corporibus
614 1442 690 1523 (quo
706 1440 825 1524 plurali
842 1440 970 1524 saepius
987 1462 1025 1504 eo
1041 1440 1114 1502 loco
1131 1464 1210 1503 usus
1227 1443 1290 1524 est)
1309 1464 1335 1502 s.

182 1540 318 1604 materie
335 1548 369 1604 et
384 1541 484 1604 inani.
532 1543 706 1606 Praeterea
728 1565 946 1606 commemoro
967 1543 1058 1606 locos
1076 1543 1249 1625 quosdam,
1268 1543 1337 1626 qui-

182 1644 243 1706 bus
266 1642 442 1725 singularis
464 1643 641 1707 restitutus
663 1652 714 1708 est
734 1668 791 1728 pro
811 1645 942 1730 plurali.
974 1645 1003 1725 I,
1021 1649 1083 1709 932
1101 1651 1135 1709 66
1150 1646 1212 1723 IV,
1231 1648 1247 1708 7
1270 1651 1338 1710 reli-

181 1753 307 1828 gionum
323 1746 456 1808 animam
471 1752 558 1811 nodis
575 1753 726 1812 exsolvere
742 1774 834 1831 pergo
851 1747 909 1830 (sic
925 1748 978 1825 Iu,
996 1769 1093 1830 quem
1109 1748 1195 1826 vide,
1212 1748 1337 1811 utrobi·

182 1870 256 1932 que,
273 1870 340 1911 non
355 1851 494 1932 animos).
525 1849 650 1912 Contra
665 1850 766 1914 estin
782 1851 826 1928 V,
843 1854 882 1916 21
903 1857 1003 1914 dulcia
1018 1857 1207 1934 permulcent
1222 1850 1338 1912 animoa

181 1957 291 2015 solacia
305 1957 400 2030 vitae,
420 1951 477 2015 ubi
498 1952 676 2034 quadratus
693 1953 796 2015 habet
810 1959 953 2017 animum.
978 1952 1026 2031 II,
1045 1957 1106 2017 613
1123 1979 1176 2036 per
1190 1963 1337 2018 terrarum

181 2055 277 2116 orbem
298 2053 357 2137 (sic
380 2054 542 2117 Marullus
566 2076 624 2138 pro
647 2057 757 2138 orbes).
793 2055 860 2133 III,
884 2058 960 2119 227:
987 2061 1019 2119 in
1043 2066 1111 2119 toto
1136 2081 1259 2140 corpore
1278 2056 1335 2118 rei.

182 2156 236 2218 Sic
252 2156 484 2219 Lachmannus
500 2156 633 2241 scripsit
648 2179 706 2241 pro
722 2181 832 2221 rerum.
848 2179 950 2235 „nam
966 2165 1200 2242 praecesserat,
1217 2156 1336 2241 inquit,

180 2265 235 2323 Nil
258 2264 352 2323 oeulis
373 2269 476 2323 tamen
496 2285 559 2323 esse
583 2265 682 2324 minor
702 2285 748 2324 res
764 2267 838 2348 ‘ipsa
861 2267 996 2325 uidetur:
1023 2270 1056 2324 et
1077 2260 1225 2344 quamvis
1247 2268 1337 2323 recte

183 2361 312 2423 dicatur
327 2387 477 2425 summum
493 2387 601 2446 corpus
615 2387 716 2426 rerum
733 2361 791 2444 (sic
808 2363 982 2426 Lucretius
999 2363 1033 2426 in
1048 2364 1111 2441 IV,
1128 2367 1169 2428 43
1187 2365 1254 2446 64),
1273 2386 1336 2446 quo

183 2463 292 2546 aliqua
307 2462 354 2526 rei
370 2463 527 2546 cuiusque
542 2487 617 2548 pars
635 2463 851 2546 significatur,
870 2471 904 2528 et
920 2465 953 2528 in
969 2466 1031 2543 IV,
1048 2469 1108 2529 525
1126 2491 1179 2530 suo
1195 2473 1337 2550 pepulere

182 2572 235 2630 ubi
251 2591 373 2649 corpore
389 2592 519 2646 sensum,
536 2566 681 2652 itemque
692 2594 897 2653 quaecumque
914 2575 972 2632 aut
987 2581 1087 2633 cetera
1099 2576 1199 2633 celant
1215 2593 1337 2652 corpore

182 2668 214 2730 in
231 2668 279 2746 II,
295 2671 355 2734 673
373 2671 446 2748 678,
464 2669 592 2734 scilicet
609 2692 667 2732 suo
684 2670 824 2753 quicque
841 2692 986 2754 corpore,
1003 2692 1108 2753 neque
1124 2671 1232 2734 minus
1247 2675 1337 2733 recte

182 2772 216 2834 in
237 2771 414 2855 negatione
435 2779 520 2836 nulla
541 2782 663 2836 aeterno
680 2759 816 2856 corpore,
842 2773 925 2836 libro
951 2774 979 2850 I,
998 2777 1076 2851 242,
1100 2785 1202 2838 totum
1225 2779 1337 2835 tamen

183 2901 289 2958 corpus
311 2900 411 2938 rerum
433 2874 488 2937 vix
505 2873 585 2937 satis
601 2874 730 2958 proprie
747 2874 904 2938 dicitur“.
938 2876 979 2954 V,
997 2878 1038 2940 34
1054 2881 1167 2940 arboris
1183 2882 1337 2960 amplexus

182 2977 316 3058 stirpem.
350 2976 403 3039 Sic
419 2976 582 3039 Marullus
603 2998 662 3060 pro
678 2976 798 3058 stirpes.
832 2977 874 3054 V,
894 2981 991 3042 1258:
1016 3003 1092 3062 quae
1114 3005 1182 3042 cum
1199 2988 1338 3042 concreta

181 3085 328 3144 videbant
351 3085 500 3163 posterius
525 3085 605 3143 claro
629 3079 662 3140 r'rr
683 3085 764 3140 terra
789 3086 947 3163 splendere
969 3088 1077 3146 colore.
1123 3081 1176 3144 Sic
1198 3081 1336 3144 Lachm.

182 3203 240 3265 pro
256 3181 290 3242 ire
307 3187 416 3244 terroe.
462 3181 643 3244 Lambinus
660 3181 693 3242 ia
709 3182 809 3244 terrie.

269 3288 299 3346 2.
325 3283 479 3346 Floralia.
510 3282 571 3362 IV,
589 3286 672 3349 1185
693 3309 748 3348 nec
769 3283 895 3347 Veneres
915 3292 1035 3348 acet-rac
1056 3292 1113 3349 hoc
1135 3291 1228 3364 fallit,
1251 3284 1337 3368 quod

184 3385 309 3448 dictum
323 3386 425 3450 estde
440 3385 679 3449 meretricibus,
697 3387 725 3464 Ι,
744 3390 806 3450 152
816 3393 848 3451 in
864 3387 966 3462 terrie,
984 3389 1071 3472 quod
1087 3389 1127 3451 de
1142 3390 1220 3452 orbe
1236 3396 1338 3452 terra·

183 3511 253 3552 rum
265 3494 317 3551 est
327 3488 564 3573 accipiendum,
582 3488 661 3552 alibi
672 3489 711 3552 de
722 3489 862 3572 singulis
872 3488 1016 3574 regionis
1027 3490 1165 3553 alicuius
1176 3490 1336 3575 partibus,

184 3591 230 3653 sic
251 3592 280 3670 Ι,
299 3593 357 3654 721
382 3598 489 3656 Italiae
512 3598 662 3654 terrorem
682 3617 761 3670 oras,
784 3592 825 3654 ad
848 3616 879 3675 q.
900 3593 923 3654 l.
946 3593 1085 3656 Lachm.
1108 3594 1202 3656 affert
1227 3616 1258 3656 v.
1278 3595 1336 3658 717

183 3700 340 3778 triquetris
365 3700 515 3755 terraram
538 3700 570 3757 in
595 3700 653 3758 oris
679 3701 713 3757 et
737 3694 799 3772 VI,
819 3697 878 3758 713
902 3700 934 3759 in
959 3696 1050 3763 terrie
1074 3702 1208 3780 Aegypti
1228 3702 1337 3782 totius.

183 3795 348 3878 Frequens
372 3801 424 3857 est
444 3795 581 3879 pluralis
602 3796 772 3858 nominum
792 3797 1044 3877 abstractorum,
1069 3798 1115 3860 sic
1132 3799 1161 3876 I,
1179 3801 1219 3861 36
1235 3802 1338 3860 avidos

188 3936 219 3944 —
240 3899 333 3960 eiures.
366 3920 397 3960 v.
418 3899 735 3964 105vitacrotr'orrea.
766 3921 796 3962 v.
817 3903 877 3964 106
882 3901 1095 3985 fortunaeque
1112 3907 1192 3962 tuos.
1225 3921 1257 3961 v.
1276 3902 1337 3962 128

184 4005 254 4064 solis
282 4005 430 4084 lunaeque
454 4006 570 4064 rrreotoa
598 4027 657 4085 qua
683 4009 757 4066 fiant
780 4009 906 4066 ratione.
939 4005 999 4066 685
1025 4028 1153 4085 quorum
1178 4023 1339 4084 coperrrarra

185 4107 281 4165 molas
300 4139 327 4148 -
353 4109 489 4167 efficiunt
510 4111 599 4186 ignis.
630 4104 658 4181 I,
677 4107 759 4168 1626
781 4133 812 4158 =
833 4104 874 4182 V,
896 4107 958 4168 428
977 4129 1064 4168 omne
1080 4129 1175 4186 genus
1191 4111 1292 4168 coelae
1308 4116 1338 4167 ct

183 4210 280 4266 morae
305 4211 498 4288 experiundo.
544 4206 591 4284 II,
614 4210 671 4269 48:
704 4213 800 4269 rietus
823 4213 980 4271 hominum
1010 4232 1157 4290 curaeque
1188 4233 1337 4291 sequaces.

184 4330 215 4376 V.
234 4311 274 4370 49
291 4307 408 4368 conitus
428 4334 586 4372 armorum.
619 4330 649 4370 v.
669 4311 729 4371 836
752 4320 787 4373 ut
809 4337 869 4373 non
891 4315 1030 4374 omnibus
1051 4317 1205 4375 adtribuas
1221 4310 1338 4372 sonitus
1383 4338 1386 4344 ·
