2978 4964
247 369 288 428 82
661 387 815 430 eeeeeos.
841 387 912 431 ele.
937 388 984 432 w,

246 575 448 635 peromnem.
480 577 510 616 v.
531 557 609 621 605:
633 577 744 620 ονοννονο
765 593 795 604 -
823 563 930 621 durare
946 578 1005 638 ρον
1024 578 1137 620 οοοονν.
1169 556 1229 634 IV,
1248 558 1333 622 978:
1359 581 1409 638 per

245 661 357 720 multos
379 695 408 702 -
430 662 503 722 dies.
534 656 572 735 V,
591 661 646 721 95:
664 660 833 742 multosque
842 680 901 740 ρον
917 681 1013 722 aelios
1029 669 1199 724 suslenlele
1213 668 1283 723 ruet
1301 665 1407 722 moles.

245 781 275 820 v.
295 761 356 822 356
373 765 479 824 durare
495 766 626 824 aetatem
646 799 677 808 -
691 783 891 842 peromnem.
924 784 955 824 v.
973 764 1035 826 427
1052 787 1196 844 magnum
1210 767 1343 844 vulgale
1352 782 1409 841 ρον

244 882 355 924 οονοον.
389 861 431 940 V,
450 865 506 926 61:
524 889 668 946 magnum
684 865 796 928 durare
806 887 865 945 ρον
880 886 992 928 aevom.
1022 864 1083 942 VI,
1102 867 1200 929 1160:
1218 871 1342 928 noctem
1355 885 1410 944 ρον

243 989 329 1048 saepe
352 965 499 1047 diemque.
544 966 656 1030 Etiam
676 965 880 1045 nominibus,
904 989 987 1050 quae
1009 989 1060 1032 res
1082 967 1278 1051 intempore
1296 965 1409 1030 factas

243 1067 443 1148 signifieani,
461 1068 609 1151 iungitur
618 1091 689 1151 ρον.
720 1069 782 1148 IV,
801 1073 899 1136 1018:
926 1097 979 1154 per
993 1095 1141 1136 somnum.
1172 1070 1214 1148 V,
1232 1073 1341 1138 11582
1358 1094 1410 1152 per

241 1177 366 1235 somnia.

327 1275 356 1356 ο)
381 1273 664 1357 Significationem
695 1275 797 1338 habet
829 1297 959 1340 causae.
1000 1276 1029 1354 I,
1047 1280 1083 1340 4:
1110 1298 1170 1357 ρον
1200 1282 1230 1339 te
1259 1282 1409 1359 quoniam

240 1401 336 1458 genus
365 1403 453 1444 omne
480 1384 670 1442 animenium
697 1385 876 1462 coneipitur.
908 1401 938 1442 v.
963 1381 1043 1442 403:
1063 1401 1120 1460 ρον
1139 1400 1217 1464 quae
1235 1384 1339 1462 possis
1362 1403 1408 1442 eo-

240 1505 383 1560 gnoseere
400 1491 500 1546 cetera
515 1492 592 1546 tute.
622 1504 654 1544 v.
674 1485 751 1544 586:
769 1493 800 1545 et
821 1486 895 1565 quid
916 1507 1052 1565 quaeque
1072 1492 1185 1566 queant
1199 1503 1258 1564 ρον
1267 1482 1407 1566 foedera

239 1590 368 1648 naturai.
400 1607 430 1647 v.
450 1588 527 1648 634:
550 1605 608 1665 ρον
624 1606 701 1669 quae
717 1611 763 1648 res
779 1609 916 1668 quaeque
930 1599 1088 1668 geruntur.
1119 1585 1264 1664 II,173:
1287 1607 1339 1648 νοο
1348 1605 1408 1665 ρον

240 1692 373 1750 Veneris.
405 1710 437 1748 v.
456 1691 533 1752 242:
560 1701 675 1766 motus,
692 1710 752 1768 ρον
773 1709 845 1771 quoe
866 1697 974 1752 natura
997 1700 1084 1770 gerat
1106 1715 1162 1754 res.
1194 1712 1227 1752 v.
1245 1692 1325 1752 258:
1354 1713 1406 1772 po-

238 1798 348 1868 teslas,
362 1811 421 1870 ρον
436 1813 525 1874 quam
541 1795 758 1874 progredimur.
790 1813 821 1854 v.
840 1794 917 1856 302:
940 1802 1089 1876 quantum
1108 1797 1217 1874 cuique
1233 1798 1344 1856 delum
1361 1799 1406 1854 est
1476 1797 1477 1800 ’

231 1911 291 1972 ρον
301 1891 437 1976 foedere
458 1900 586 1958 naturai.
618 1917 649 1958 v.
668 1896 729 1958 437
751 1901 836 1958 iuvet
856 1901 1012 1977 egrediens
1031 1895 1181 1976 penitalie
1196 1917 1255 1975 ρον
1275 1899 1404 1959 Veneris

235 2015 295 2057 νον.
327 2017 358 2057 v.
378 1998 457 2059 898:
481 2023 574 2080 quum
596 2007 668 2063 sunt
689 2004 775 2080 quasi
795 2005 966 2082 putrefacta
983 2020 1039 2078 per
1059 1997 1178 2060 ν’νννόνοο.
1200 1998 1224 2060 l.
1241 1997 1292 2059 IV
1314 1997 1351 2060 in
1367 2017 1403 2058 eo

236 2119 348 2176 versu,
373 2099 428 2181 qui
451 2100 600 2184 sequitur
620 2124 651 2163 v.
671 2104 749 2164 126:
773 2107 824 2184 qui
845 2107 972 2166 fulmine
992 2106 1072 2166 clero
1094 2108 1195 2167 omnia
1209 2122 1269 2183 ρον
1284 2101 1404 2164 sanitae

240 2211 331 2266 arcet.
369 2202 429 2281 IV,
453 2206 531 2268 847:
563 2230 653 2287 quam
679 2210 765 2268 deret
790 2210 942 2268 obiectum
968 2211 1082 2287 parmai
1107 2211 1192 2270 laeve
1209 2226 1269 2285 ρον
1293 2210 1402 2266 artem.
1477 2281 1478 2308 1

237 2326 268 2366 v.
288 2308 349 2370 905
360 2328 419 2386 ρον
436 2308 566 2370 trocleae
583 2317 613 2371 et
629 2313 785 2392 tympana.
817 2308 918 2387 V,10:
944 2315 1055 2392 quique
1066 2330 1124 2388 ρον
1140 2313 1235 2370 artem
1250 2345 1291 2354 -
1307 2313 1403 2370 vitem
1477 2337 1478 2356 ν

241 2445 272 2454 -
293 2414 325 2472 in
341 2419 404 2472 tam
420 2417 586 2493 tranquillo
603 2449 634 2458 ·-
650 2417 771 2475 locavit.
789 2434 820 2474 v.
840 2414 894 2475 72:
913 2418 1048 2496 loquella
1066 2449 1097 2456 -
1113 2417 1194 2476 vesei
1202 2431 1262 2492 ρον
1278 2408 1401 2472 nomina

234 2536 343 2579 rerum.
360 2536 392 2574 v.
405 2516 482 2578 848:
500 2521 586 2597 iungi
595 2535 654 2594 ρον
670 2520 795 2580 Veneris
811 2535 869 2576 ree.
894 2515 952 2592 VI,
972 2517 1028 2579 70:
1047 2520 1181 2580 delibata
1196 2519 1287 2578 deum
1295 2533 1357 2593 ρον
1373 2518 1400 2573 νο

234 2621 293 2680 libi
313 2624 438 2682 numina
458 2627 562 2684 saneta
581 2643 669 2701 saepe
691 2624 828 2682 oberunt.
861 2642 892 2680 v.
913 2621 988 2681 181:
1012 2624 1139 2701 dissipat
1160 2622 1244 2700 quasi
1262 2637 1319 2696 ρον
1342 2617 1400 2678 vim

235 2746 372 2804 expresse
387 2731 511 2805 repente
530 2728 653 2794 semine.

321 2823 353 2906 d)
378 2824 598 2908 Coniungitur
619 2847 693 2890 eum
716 2825 788 2888 ίοοοο
808 2827 851 2906 (v.
869 2823 978 2886 Hand.
997 2825 1091 2888 Ture.
1109 2825 1171 2903 IV,
1188 2849 1220 2909 p.
1238 2828 1312 2908 439)
1331 2825 1397 2902 ΙΙΙ,
1478 2895 1479 2902 ¹

235 2929 313 2990 921:
332 2951 401 2992 nam
418 2928 490 2990 licei
506 2938 662 2994 aeternum
673 2948 732 3008 ρον
748 2948 802 2989 νον
817 2932 859 2990 sie
876 2953 939 2992 esse
954 2953 1102 3012 soporem.

321 3032 349 3112 e)
375 3029 458 3094 Cum
488 3031 736 3114 pronominibus
767 3029 996 3114 personalibus
1027 3030 1247 3116 compositum
1271 3029 1398 3094 indicet

235 3131 290 3215 agi
312 3154 380 3196 rem
401 3133 470 3196 eine
494 3134 629 3198 alterius
651 3156 711 3218 ope
734 3140 792 3196 aul
808 3133 962 3211 oonsilio,
985 3135 1039 3198 vel
1055 3158 1122 3198 non
1137 3134 1210 3198 aliie
1226 3134 1324 3197 rebus
1343 3133 1397 3197 ad·

174 3264 178 3276 ¹
195 3221 201 3238 Χ
236 3234 326 3300 ditis.
372 3237 427 3300 Ita
442 3238 492 3315 fit,
510 3243 548 3300 ut
557 3259 616 3318 ρον·
632 3259 687 3310 nee,
700 3259 758 3318 ρον
774 3257 806 3298 ee
822 3235 908 3300 idem
925 3237 1111 3321 exprimant
1127 3237 1215 3320 quod
1231 3238 1308 3318 ν’ροο,
1325 3237 1348 3299 i.
1368 3259 1395 3300 e.

235 3339 289 3402 vel
320 3363 386 3403 non
417 3341 501 3404 alius
526 3361 601 3424 ope,
634 3341 687 3404 vel
712 3346 842 3424 sponte.
890 3341 993 3424 Saepe
1021 3341 1151 3404 aceedit
1174 3362 1293 3404 nomen
1320 3340 1396 3420 ν’ροο.

235 3441 298 3504 Ρον·
319 3464 350 3505 οο
370 3443 470 3507 etiem
490 3443 644 3528 exprimit
664 3465 748 3522 rem,
772 3465 853 3527 quae
870 3442 954 3508 inse
971 3450 1120 3522 constat,
1138 3444 1258 3521 solam,
1277 3463 1348 3506 rem
1365 3443 1399 3504 in

236 3565 271 3608 se
288 3545 470 3629 speciatam
478 3595 487 3624 ‚
505 3569 571 3610 non
586 3546 723 3610 aliarum
739 3570 848 3612 rerum
863 3546 990 3610 ratione
1007 3547 1131 3612 habile.
1178 3546 1301 3630 (Verba
1317 3555 1398 3609 sunt

236 3647 359 3712 Handii
375 3649 398 3710 l.
417 3671 444 3711 e.
463 3674 495 3733 p.
513 3653 600 3732 441).
618 3650 646 3727 Ι,
664 3653 744 3714 407:
763 3657 824 3714 elid
843 3678 877 3715 ex
893 3656 952 3716 elio
962 3673 1020 3732 ρον
1037 3657 1066 3712 νο
1081 3660 1148 3714 lule
1164 3650 1228 3732 ν’ροο
1243 3655 1346 3716 videre
1362 3687 1394 3696 -

236 3758 359 3835 poteris.
391 3774 421 3814 V.
440 3756 517 3816 419:
541 3761 638 3820 omnis
659 3791 690 3800 «
707 3775 765 3837 ρον
785 3775 816 3816 νο
836 3764 944 3820 nature
963 3760 1080 3818 duabus
1095 3759 1235 3820 consisiil
1249 3759 1281 3816 in
1296 3757 1398 3816 rebus.

236 3878 268 3918 v.
286 3858 365 3920 422:
384 3881 491 3939 eorpus
508 3863 588 3920 enim
601 3878 659 3938 ρον
673 3879 705 3920 «νο
720 3864 888 3922 eommunis
905 3863 1026 3922 dedicat
1042 3883 1105 3921 esse
1121 3883 1234 3922 senene.
1265 3878 1296 3918 v.
1315 3857 1397 3920 440:

230 3979 290 4039 per
304 3980 335 4020 νο
352 3964 433 4041 quod
450 3985 577 4042 cumque
594 3967 661 4026 erit.
692 3985 723 4024 v.
741 3965 820 4025 445:
843 3967 935 4026 tertia
951 3982 1009 4042 ρον·
1024 3983 1055 4022 οο
1076 3966 1160 4024 nulle
1180 3969 1281 4044 polest
1296 3984 1399 4022 rerum

236 4067 268 4125 in
290 4087 415 4128 numero
436 4072 544 4130 nature
563 4070 702 4148 relinqui.
734 4088 765 4128 v.
783 4067 861 4128 459:
887 4068 1008 4148 tempus
1032 4070 1107 4128 item
1122 4068 1186 4146 ’ρον
1206 4085 1237 4126 ee
1257 4087 1319 4128 non
1341 4072 1397 4126 esi.

237 4187 267 4226 v.
286 4167 366 4230 462:
384 4193 439 4230 nee
451 4187 510 4248 ρον
525 4189 556 4229 νο
572 4193 754 4251 quemquem
775 4176 895 4251 tempus
911 4174 1022 4231 sentire
1039 4173 1235 4232 fatendumst.
1266 4189 1298 4229 v.
1316 4169 1395 4230 466:

237 4293 274 4332 ne
295 4275 373 4334 forle
396 4277 468 4334 haee
485 4292 542 4351 ρον
561 4293 591 4334 ee
614 4281 725 4353 cogeni
744 4297 877 4336 neeesse
894 4277 991 4336 fateri.
1023 4293 1054 4332 v.
1072 4273 1150 4334 469:
1174 4295 1304 4354 nemque
1319 4275 1397 4333 aliut

232 4391 289 4450 ρον
310 4379 386 4446 οοον,
411 4395 450 4434 ex
467 4374 594 4438 emend.
613 4373 832 4450 Lachmanni,
858 4395 954 4456 quem
970 4372 1055 4436 vide.
1088 4397 1119 4436 v.
1137 4376 1215 4437 479:
1234 4399 1279 4436 res
1295 4383 1396 4454 gestas
