2932 4966
448 395 490 435 nu
513 393 626 464 uerus.
672 391 895 435 Junrcsnvus.
1187 374 1246 436 141

25 559 27 631 j
90 557 144 634 IV,
167 563 251 635 859;
275 587 330 624 1177
350 565 488 624 mirabile
511 566 591 643 quod
614 569 741 644 possunt
760 558 823 637 IV,
842 562 915 637 899,
936 565 1036 624 mirari
1058 565 1148 622 mitte
1168 564 1248 642 quod

23 653 25 717 7
88 686 144 722 non
160 667 258 726 valet.
290 662 352 740 VI,
372 665 466 728 1057.
499 670 613 726 contra
632 689 695 726 nen
716 672 762 726 est
781 667 919 726 mirabile
940 686 1031 744 quare
1048 668 1185 726 videatur
1201 661 1248 738 ll,

22 765 23 774 ’
87 763 157 838 310,
181 789 239 826 7111·
259 771 481 849 perspiciantur
500 765 563 842 IV,
580 768 652 842 958,
675 790 735 847 qua
756 771 872 828 ratione
887 770 1012 828 veniant
1027 763 1089 842 lV,
1101 766 1174 841 597,
1192 789 1249 846 qua

86 870 202 929 ratione
220 877 315 949 queat
332 867 375 944 V,
393 870 496 930 591.“
516 904 547 915 —
568 866 629 944 VI,
647 868 726 930 1911
744 866 1250 948 1771181171777777777,7777177

86 976 225 1049 tempore
243 994 332 1052 saepe
348 979 411 1031 tam
427 975 545 1051 magnis
561 974 672 1032 nimbis
688 979 852 1051 tempestas
868 981 959 1051 atque
974 974 1117 1032 tenebrae
1136 969 1250 1048 777777-

85 1075 139 1130 777
154 1078 304 1135 mariaco
321 1081 415 1135 terras
430 1077 557 1155 inpensa
572 1095 708 1155 superne.
734 1070 889 1134 Lachm:
906 1071 1090 1151 „coperiant
1106 1070 1250 1133 scriben-

85 1169 163 1232 dum
180 1181 237 1235 est
255 1175 330 1258 [pro
347 1173 518 1256 coperiant]
538 1195 578 1235 ex
590 1172 758 1236 constanti
768 1195 830 1236 usu
838 1171 998 1236 Lucretii.
1016 1171 1090 1235 vide
1100 1172 1162 1249 IV,
1175 1176 1249 1236 814.

88 1271 126 1349 V,
145 1277 225 1336 199.
245 1278 318 1339 718.
339 1277 525 1339 7991938.
558 1275 619 1353 Vl,
637 1277 709 1338 375.
730 1278 852 1338 1019.“
883 1274 1050 1337 Ν71171117
1072 1275 1251 1337 offensione

85 1374 289 1440 indicativus
315 1376 424 1440 est‘in
449 1376 679 1440 enunciatione
705 1376 897 1440 secundaria
921 1376 1045 1440 inserta
1069 1376 1142 1454 alii,
1169 1399 1251 1458 quae

87 1479 340 1543 coniunctivum
356 1480 504 1558 11711711,
523 1482 621 1544 1080:
644 1486 728 1563 quin,
751 1505 804 1543 sua
820 1486 900 1563 quod
917 1481 1128 1561 7717177777,
1147 1507 1251 1545 conce·

85 1585 154 1643 dere
171 1592 284 1665 pergat
305 1611 337 1636 =
353 1582 487 1660 11937.
514 1583 555 1644 111
571 1581 802 1646 coniunctione
818 1582 993 1666 temporali
1009 1605 1075 1646 7777
1091 1605 1164 1647 cum
1182 1583 1249 1646 iud.

86 1680 202 1746 iuncta
224 1707 292 1749 non
313 1685 479 1768 discrepat
499 1708 577 1748 usus
594 1684 742 1749 Lucretii
762 1685 803 1748 ab
820 1707 882 1747 usu
897 1685 1037 1768 vulgari,
1055 1693 1253 1770 quapropter

85 1782 146 1861 VI,
174 1789 240 1850 366
265 1794 356 1850 recte
382 1785 514 1871 scripsit
538 1787 770 1850 Lachmannus
800 1809 865 1850 7777
896 1794 1014 1871 plagast
1043 1795 1148 1852 addita
1171 1815 1252 1866 vcro,

87 1907 188 1966 quum
211 1888 365 1972 impressi
384 1911 497 1952 omnes
520 1889 649 1952 soloece
672 1888 818 1952 habeant
833 1911 899 1951 7777
914 1891 1011 1970 playa
1027 1891 1078 1953 777.
1110 1890 1158 1968 II,
1177 1894 1250 1954 831.

86 2009 117 2047 1.
135 1991 219 2054 904:
242 1996 348 2054 mollia
363 2013 428 2053 7777
438 1991 584 2075 focium,
607 2014 637 2054 v.
663 1990 703 2054 dc
724 1990 775 2054 his
795 1991 944 2054 versibus
965 1991 1108 2056 Pollium
1129 1993 1251 2056 Philol.

89 2088 220 2169 XXVI,
233 2093 307 2155 323.
334 2091 395 2169 VI,
408 2092 469 2155 130
480 2114 529 2174 sq.
557 2091 622 2154 Sed
636 2114 869 2174 nonnunquam
886 2097 998 2155 tamen
1014 2093 1114 2156 etiam
1131 2093 1253 2156 causali

89 2196 122 2250 ct
152 2193 348 2256 concessiva
384 2191 626 2276 significatione
654 2201 848 2277 usurpatum
873 2215 946 2257 cum
970 2193 1150 2258 indicativo
1176 2217 1252 2260 con·

9 2335 10 2338 ,
89 2288 241 2358 iunctum
260 2294 440 2378 reperimus
456 2317 475 2357 a
490 2293 659 2358 Lucreti0.
692 2295 744 2357 Sic
766 2295 832 2373 III,
855 2298 917 2360 363
938 2303 1056 2380 fulgida
1070 2299 1253 2378 praesertim

91 2416 155 2458 7777
181 2423 302 2463 cernere
326 2423 414 2481 saepe
438 2397 604 2482 aeqroo'mooc.
642 2397 671 2475 I,
694 2401 754 2461 825
782 2427 813 2450 =
837 2398 885 2476 ΙΙ,
909 2401 969 2462 699
995 2424 1062 2464 cum
1087 2409 1189 2465 tamen
1217 2439 1247 2446 -

93 2511 255 2565 necessest.
280 2500 309 2577 I,
327 2503 403 2564 566:
422 2507 481 2563 huc
496 2506 612 2564 accedit
628 2507 684 2578 uti,
701 2507 881 2565 solidissima
897 2509 1033 2566 materiai
1049 2528 1173 2587 corpora
1188 2525 1254 2566 7777

95 2609 248 2676 77777777,
266 2609 384 2686 possint
399 2612 501 2666 tamen
518 2608 618 2667 omnia
633 2609 719 2668 reddi
734 2609 846 2667 mollia.
869 2604 898 2681 Ι,
916 2607 976 2668 796
987 2627 1077 2687 sqq.:
1096 2631 1172 2689 quae
1188 2629 1254 2668 7777

95 2727 206 2787 magna
220 2711 319 2770 modis
335 2712 440 2770 multis
455 2712 592 2770 miranda
605 2706 727 2768 7777777ν
742 2745 772 2753 -
788 2712 832 2769 1111
848 2713 1019 2772 7777771177
1035 2713 1173 2772 habuisse
1189 2715 1253 2771 viro

96 2815 277 2886 praeclarius
296 2815 331 2872 in
351 2835 382 2872 se
403 2839 435 2855 -·
455 2814 584 2872 videtur.
616 2807 664 2885 II,
683 2811 759 2872 859:
782 2831 938 2892 quaecum
955 2816 1085 2873 1177777
1104 2818 1203 2873 777777
1219 2821 1255 2874 111

96 2919 237 2975 mortalia
253 2920 394 2975 constent
411 2918 474 2973 etc·
509 2910 607 2974 Addo
628 2910 730 2988 locos,
754 2911 872 2994 quibus
893 2919 983 2976 recte
1004 2913 1181 2977 restitutus
1203 2922 1254 2976 est

97 3032 115 3072 a
140 3013 264 3077 criticis
289 3013 499 3077 indicativus.
536 3011 777 3096 11,426sqq.:
804 3021 876 3077 7777
900 3022 992 3080 etiam
1016 3039 1093 3101 qaae
1116 3024 1176 3081 iam
1199 3042 1255 3081 nec

97 3118 174 3180 levia
195 3123 260 3180 iure
273 3123 430 3197 7777777777
451 3142 514 3180 7777
536 3142 632 3199 neque
656 3123 779 3180 omnino
799 3123 881 3181 flexis
902 3126 1095 3183 mucronibus
1111 3144 1197 3196 unca,
1218 3157 1250 3166 —

98 3242 235 3302 quaeque
265 3224 393 3283 titillare
422 3225 517 3300 magis
548 3245 651 3282 sensus
681 3245 771 3302 quam
802 3226 918 3284 laedere
949 3228 1089 3301 77777777.
1123 3227 1255 3301 poseant

98 3321 278 3401 quadratus
301 3321 341 3383 ed
363 3320 515 3385 schedae.
541 3321 663 3402 possiet
685 3322 861 3406 oblongus,
883 3322 973 3400 Itali,
998 3322 1077 3385 olim
1092 3322 1252 3408 impressi.

10 3479 11 3498 2
98 3421 144 3501 ΙΙ,
164 3426 245 3488 1061
268 3423 512 3501 Lachmannus,
539 3445 636 3506 quem
660 3423 746 3502 vide,
773 3424 916 3487 servavit
935 3424 1150 3488 indicativum
1172 3427 1255 3489 7777-

98 3532 391 3589 77777111771177.
422 3529 504 3589 1059
530 3532 575 3589 77.
612 3526 673 3604 IV„
700 3531 777 3590 495:
804 3553 919 3591 seorsus
944 3533 1049 3591 odores
1074 3536 1253 3591 7777777777.
1348 3548 1350 3550 ·

99 3626 151 3690 Sic
177 3627 379 3690 Veronensis
404 3628 505 3692 editio
535 3635 569 3690 et
593 3629 755 3692 Marullus
780 3652 838 3714 pro
863 3637 1047 3704 7777777777,
1074 3631 1161 3714 quod
1186 3630 1256 3694 sine

99 3750 196 3792 causa
221 3753 239 3792 a
264 3753 381 3793 7777777
404 3737 460 3804 777,
487 3730 573 3812 quod
599 3732 757 3814 sequitur,
784 3754 980 3815 suspensum
1001 3740 1062 3796 est.
1100 3757 1132 3796 v.
1154 3736 1253 3797 1061:

99 3858 167 3896 nam
192 3840 217 3896 si
232 3839 327 3896 ‘abest
351 3839 432 3917 quod
457 3855 536 3900 7777.
570 3833 623 3896 sie
647 3834 783 3896 Lachm.
810 3857 867 3919 pro
893 3858 983 3899 77777.
1021 3837 1061 3914 V,
1079 3838 1158 3898 359:
1185 3843 1256 3919 quia

99 3942 182 3999 nulla
206 3941 265 3998 leci
284 3939 328 4020 fit
352 3943 446 4020 copia.
486 3935 539 3998 Sic
565 3937 796 4000 Lachmannus
823 3960 881 4021 pro
906 3939 971 4018 777,
994 3945 1032 4000 71
1055 3938 1152 4019 paulo
1178 3946 1255 4002 ante

99 4044 260 4120 Plagarum
303 4045 374 4121 quia
412 4049 484 4102 sunt
521 4045 663 4122 expertia.
716 4038 757 4117 V,
788 4044 850 4104 589
885 4067 944 4124 quo
978 4046 1099 4122 longius
1131 4041 1253 4104 777777.

101 4139 153 4202 Sic
182 4141 321 4203 Lachm.
357 4163 415 4223 pro
451 4141 530 4203 73777
560 4147 634 4220 aut,
673 4141 759 4224 quod
788 4142 969 4206 Lambinus
1001 4141 1110 4220 dedit,
1142 4143 1253 4204 777777.

100 4265 129 4304 v.
149 4245 225 4306 7991
253 4248 382 4326 denique
408 4249 433 4306 si
458 4250 562 4308 calidis
587 4251 679 4308 etiam
702 4251 846 4308 77777777
872 4251 1009 4310 lavabn's.
1044 4245 1097 4308 Sic
1117 4246 1254 4309 Lachm.

85 4367 154 4426 *pro
180 4351 330 4406 77777777.
363 4348 491 4408 179091
518 4354 697 4428 Magnetum
722 4354 793 4429 quia
807 4351 851 4433 fit
871 4354 976 4431 patriis
996 4355 1028 4412 in
1051 4354 1159 4412 finibus
1176 4361 1254 4413 ortu.
