2944 4968
237 327 280 387 44
644 345 816 390 suasanus.
843 345 914 390 cas.
940 345 989 390 111.

238 535 270 576 v.
289 516 387 576 1152:
405 518 540 576 morbida
556 519 599 576 vis
615 519 646 576 in
662 539 713 576 cor
732 525 879 578 maestum
899 521 1082 578 confluxerat
1097 516 1207 594 ceptis.
1242 539 1274 579 v.
1298 519 1409 578 1206:

238 622 290 698 qui
309 622 400 679 taetri
420 623 575 698 sanguinis
594 641 661 682 acre
681 622 802 695 exierat,
824 627 926 682 tamen
948 623 980 682 in
1000 641 1108 682 nervos
1128 619 1199 682 hoie
1219 625 1357 682 morbus
1381 631 1410 682 et

236 728 320 782 artus
335 723 408 784 ibat.

584 913 621 962 11.
659 913 801 962 Dativus
821 913 1042 976 quantitatis.

322 1028 396 1091 Huc
418 1028 563 1112 pertinet
583 1027 722 1112 primum
744 1027 875 1091 dativus
896 1034 972 1112 post
994 1028 1093 1091 verba
1113 1028 1243 1112 positus
1265 1037 1407 1092 motum

237 1130 278 1193 ad
298 1131 407 1194 locum
431 1130 663 1214 significantia,
685 1130 833 1214 inprimis
854 1129 1036 1214 composita
1052 1153 1125 1194 cum
1142 1131 1406 1216 praepositioni·

236 1233 298 1296 bus
318 1235 371 1306 od,
384 1234 439 1306 io,
461 1235 515 1296 aod
538 1241 617 1296 cett.
650 1234 754 1317 Saepe
774 1240 887 1296 tamen
908 1232 1075 1296 obiectum
1094 1256 1161 1296 uon
1181 1255 1279 1296 verus
1303 1234 1404 1296 locus

237 1342 298 1412 est,
317 1336 375 1399 sed
391 1357 448 1420 per
462 1338 688 1420 metaphoram
697 1342 830 1400 tantum
839 1358 897 1419 pro
912 1335 985 1398 loco
997 1335 1236 1419 accipiendum.
1264 1336 1404 1400 Deinde

236 1438 368 1501 dativus
387 1437 521 1522 ponitur
540 1439 574 1502 iu
596 1439 839 1522 comparatione
859 1436 1108 1520 magnitudinis,
1130 1438 1188 1504 ubi
1210 1437 1402 1502 similitudo

235 1541 290 1603 vel
307 1540 488 1623 aequalitas
505 1540 711 1622 significatur
726 1542 779 1605 vel
795 1540 1006 1604 contrarium.
1039 1541 1067 1618 Ι,
1088 1542 1163 1604 713ι
1180 1550 1249 1606 aira
1263 1541 1402 1620 acopon-

236 1649 280 1704 toa
295 1643 369 1722 iperi.
401 1643 467 1720 ΙΙΙ,
487 1647 562 1706 80οε
580 1649 708 1707 mortale
724 1650 846 1707 aeterno
863 1644 997 1724 inopere.
1030 1667 1061 1706 v.
1080 1647 1142 1708 804
1158 1667 1207 1726 sq.
1234 1643 1402 1706 inmortol'

235 1756 327 1828 atque
343 1746 474 1825 pcreooa‘
494 1746 640 1808 conectam.
677 1745 740 1822 IV,
762 1747 825 1809 430
847 1756 929 1810 tecta
948 1747 1011 1810 solo
1031 1746 1159 1826 inrepens
1179 1757 1272 1828 atque
1292 1753 1401 1810 omnia

236 1853 359 1912 dextera
369 1849 475 1910 doccia.
495 1871 524 1910 v.
539 1851 636 1911 107οε
656 1848 780 1931 acrique
789 1873 838 1912 aes
848 1854 974 1931 plumbo
983 1856 1019 1913 fit
1028 1855 1075 1914 uti
1090 1849 1237 1929 scopator
1252 1855 1291 1912 ab
1308 1854 1399 1913 albo?

236 1949 290 2013 Sic
313 1951 436 2034 optime
458 1950 640 2014 Lambinus
661 1973 718 2034 pro
741 1976 867 2034 aeraque
889 1957 1023 2034 plumbo.
1054 1952 1178 2028 1,884:
1202 1977 1271 2016 cum
1291 1951 1400 2031 lapido·

235 2059 366 2136 lapidem
383 2054 518 2116 terimus.
550 2052 612 2129 IV,
632 2053 864 2137 1179:foribos
879 2061 969 2119 miser
984 2054 1177 2139 osculafiqit.
1209 2053 1272 2130 IV,
1290 2055 1397 2118 1138:

235 2163 346 2240 cupido
355 2163 486 2220 adfixum
496 2162 588 2219 cordi.
605 2159 837 2221 nutamine
852 2158 926 2220 bocia
941 2163 1012 2240 quia
1027 2182 1088 2222 non
1104 2163 1183 2240 potis
1199 2165 1246 2220 est
1261 2157 1399 2240 adfigere

235 2264 406 2322 adhaesum.
431 2258 473 2335 V,
490 2261 568 2321 630:
587 2259 737 2341 terraeque
749 2259 946 2342 propinquat.
971 2259 1037 2337 ΙΙΙ,
1055 2261 1117 2322 284
1133 2259 1182 2322 cci
1201 2259 1316 2321 misico
1332 2285 1397 2322 uon

234 2361 292 2424 adel
307 2371 357 2425 adr
373 2361 451 2442 (abl.
468 2384 500 2422 v.
520 2363 604 2442 233).
631 2361 658 2438 I,
677 2363 754 2424 369:
772 2367 940 2426 admixtum
954 2369 1053 2426 rebus.
1078 2384 1110 2425 v.
1129 2364 1206 2425 382:
1223 2361 1398 2424 adoindum

234 2464 321 2524 rohos
336 2468 433 2527 inane.
464 2486 496 2525 v.
515 2466 587 2526 655.
615 2463 662 2541 ΙΙ,
679 2465 753 2528 467.
776 2463 804 2540 Ι,
822 2465 901 2527 8773
918 2490 964 2529 res
985 2504 1016 2512 -
1037 2464 1296 2527 iomioeloarebua.
1323 2463 1395 2540 III,

235 2569 313 2630 393:
336 2565 460 2630 semina
482 2571 656 2649 corporibus
677 2573 786 2630 nostris
806 2573 942 2630 inmixta.
973 2566 1036 2645 IV,
1054 2569 1114 2632 297
1131 2566 1255 2630 adlidat
1266 2565 1396 2646 pilaeve

235 2669 361 2732 drobive.
374 2671 434 2732 570
445 2675 549 2732 solidis
557 2675 661 2733 adlisa.
679 2672 773 2732 1080:
785 2674 891 2732 dentes
902 2669 1040 2732 inlidunt
1050 2695 1137 2752 saepe
1146 2669 1279 2732 labellis.
1297 2668 1328 2745 Ι,
1338 2671 1393 2732 19:

142 2841 145 2844 ¹
234 2772 368 2834 omnibus
383 2771 535 2833 incutiens
552 2776 697 2836 blandum
712 2797 766 2854 por
781 2783 904 2855 pectora
918 2784 1058 2836 amorem.
1082 2771 1148 2847 III,
1169 2773 1261 2836 1078:
1279 2782 1395 2834 morta-

234 2879 313 2936 libus
332 2879 442 2936 adstat.
473 2874 502 2951 Ι,
519 2877 576 2936 65:
601 2879 779 2938 mortalibus
798 2880 923 2938 instans,
954 2898 985 2937 v.
1006 2877 1082 2938 208:
1105 2878 1247 2956 quoniam
1263 2873 1395 2935 cacaliae

227 2982 390 3057 proestare
405 2981 542 3040 videmus
558 2983 640 3040 culte
656 2983 729 3040 loca.
761 2999 793 3038 v.
811 2979 873 3040 358
889 2999 956 3060 sq.:
981 3003 1034 3042 cur
1055 2983 1127 3042 alias
1143 2976 1217 3038 aliia
1226 2981 1394 3058 proestare

233 3084 369 3142 videmus
394 3084 525 3161 pondere
550 3105 596 3144 res
620 3079 718 3142 robus.
759 3101 789 3140 v.
818 3081 895 3142 289:
928 3085 1078 3162 quidquid
1099 3079 1248 3163 flactibus
1277 3077 1391 3140 obstat.

230 3181 282 3258 ΙΙ,
300 3185 350 3243 88.
377 3180 539 3258 IV,1150
565 3189 623 3246 nisi
646 3191 714 3245 tute
739 3180 795 3243 tibi
819 3186 924 3244 obvius
949 3182 1054 3246 odolen.
1087 3181 1129 3258 V,
1153 3183 1231 3244 567:
1253 3179 1393 3244 membris

234 3284 352 3368 adflare
375 3309 525 3365 vaporem.
562 3285 591 3361 I,
621 3286 698 3346 113:
724 3289 917 3348 nascentibus
941 3289 1121 3348 insinnetur.
1156 3282 1224 3360 ΙΙΙ,
1251 3283 1331 3344 671:
1358 3288 1392 3354 in

234 3411 340 3467 corpus
351 3385 741 3450 noscentibooc'ooioootor.
759 3408 791 3448 v.
805 3389 882 3448 689:
900 3386 1074 3466 corporibus
1083 3385 1195 3448 nostrie
1205 3390 1391 3448 extrinsecus

235 3487 419 3550 ioosiocotoe.
452 3509 483 3549 v.
504 3489 564 3550 722
580 3511 646 3570 sq:
664 3495 777 3551 animas
794 3494 977 3552 extrinsecus
993 3489 1148 3552 insinuari
1163 3487 1322 3550 vermibus.
1356 3510 1387 3549 v.

236 3591 313 3654 729:
331 3615 369 3654 an
385 3595 469 3672 quasi
486 3591 657 3670 corporibus
666 3590 816 3676 perfectis
831 3591 1037 3654 assuritano.
1060 3591 1088 3668 I,
1102 3593 1178 3654 287:
1196 3595 1327 3656 molibus
1342 3595 1388 3652 in·

234 3699 336 3756 currit.
367 3691 433 3769 III,
456 3694 517 3754 523
535 3714 599 3774 sq.:
625 3719 720 3775 usque
744 3699 819 3758 adeo
832 3693 1085 3778 sclaocoato'oac'
1109 3719 1179 3758 vcra
1200 3699 1323 3758 videtur
1342 3719 1388 3757 res

234 3817 388 3858 occurrere
412 3793 471 3876 (sic
492 3795 652 3858 Marullus
676 3818 734 3878 pro
759 3795 914 3874 rollonis).
954 3796 1016 3873 IV,
1045 3799 1121 3862 782:
1148 3795 1234 3859 nobie
1258 3797 1389 3858 occurrit

234 3902 354 3978 imago?
385 3897 412 3975 I,
437 3900 514 3959 901:
537 3913 597 3962 n'on
618 3909 663 3976 eet
684 3897 777 3977 bipeda
798 3906 901 3961 tamen
921 3898 1033 3961 insitos
1052 3905 1140 3982 ignia.
1172 3898 1220 3975 II,
1244 3899 1322 3961 227:
1343 3904 1389 3962 in·

234 4007 341 4078 cidere¹
361 4039 393 4047 —
422 4005 593 4065 levioribus·
632 4004 689 4065 24]
717 4006 882 4065 levioribus
904 4007 1045 4066 incidere.
1083 4001 1143 4078 VI,
1171 4002 1271 4064 1178:
1298 4006 1388 4064 multi

234 4109 413 4186 praecipiter
435 4104 562 4187 lymphis
581 4105 757 4182 protool'boa
777 4111 839 4168 alte
858 4103 1042 4166 inciderant.
1075 4127 1108 4167 v.
1131 4106 1191 4167 351
1216 4102 1389 4184 corporibus

233 4232 333 4270 rerum
348 4206 532 4268 inciderunt.
553 4204 612 4282 VI,
634 4209 731 4269 1143:
753 4205 891 4268 incohauit
912 4243 943 4250 -
959 4207 1074 4285 popolo
1091 4212 1255 4271 Pandionis
1278 4207 1385 4269 sonet.

235 4309 264 4394 Ι,
283 4310 299 4373 7
317 4331 387 4391 sq.:
411 4307 468 4370 0707
488 4314 586 4372 suavis
608 4315 734 4373 daedala
754 4313 845 4372 tellus
860 4307 1021 4370 8000077777
1036 4315 1132 4372 flores,
1165 4308 1225 4385 VI,
1244 4311 1321 4371 818:
1339 4316 1389 4374 sie
