2886 4998
237 331 277 394 68
650 349 805 394 eremos.
838 349 910 396 our.
928 347 974 394 ιν.

231 537 289 597 pro
309 537 398 600 quom
418 521 533 580 eontra
553 515 720 580 Hendium
740 517 773 582 in
789 517 974 582 'I'ureellino
994 517 1057 596 IV,
1074 539 1106 601 p.
1125 519 1202 596 616,
1227 539 1418 604 compute

228 639 288 698 pro
303 623 350 691 ut,
361 637 441 698 prae
455 625 502 692 ot,
513 639 594 700 prae
608 641 710 704 quaro,
727 625 855 700 praeter
869 643 970 705 quom
990 625 1061 700 pout
1075 641 1177 704 quau,
1200 627 1295 684 am
1313 646 1418 708 quau!

233 739 324 798 super
338 740 437 803 quam

319 819 522 904 Praepositio
538 841 596 900 pro
616 821 646 904 u)
662 819 748 884 idem
765 819 933 904 signifieat
953 841 991 884 uo
1012 821 1077 884 loeo
1093 843 1120 886 s.
1137 819 1246 886 inetur
1267 823 1417 886 almeo.

231 921 288 984 rei.
320 921 489 1000 111,367:
515 929 539 984 si
557 943 615 1004 pro
629 923 758 1008 foribus
776 933 849 988 eunt
870 929 986 988 luminu
1003 931 1115 988 nostre.
1146 923 1340 1002 1V‚466:
1363 949 1415 1008 pro

231 1022 306 1084 risio
329 1033 365 1086 nt
388 1029 451 1088 sint
474 1047 551 1106 quse
576 1047 635 1086 uon
655 1033 728 1086 sunt
746 1029 877 1088 sensibu’
897 1029 969 1088 visu.
1000 1045 1031 1088 v.
1055 1025 1132 1088 761:
1158 1049 1256 1107 quern
1285 1032 1413 1090 redditu

224 1147 284 1206 pro
299 1125 365 1188 uita
380 1131 439 1190 ium
456 1149 535 1188 mors
551 1133 582 1188 et
602 1134 682 1188 terre
703 1131 841 1210 potitust.
872 1123 926 1190 Sio
942 1123 1174 1188 Leohmunnue
1190 1147 1255 1208 pro
1278 1129 1410 1190 reddito

228 1227 305 1290 vito.

313 1327 348 1411 b)
380 1326 474 1390 Idem
504 1325 671 1410 signifiout
702 1327 790 1410 quod
818 1328 994 1402 uermerium,
1024 1327 1146 1392 ratione
1176 1329 1336 1394 alienius
1368 1333 1407 1392 rei

227 1430 344 1494 habito.
377 1429 502 1506 1,807:
526 1453 580 1494 sue
599 1455 654 1514 pro
676 1441 770 1514 purte.
802 1429 866 1504 lv,
884 1433 945 1496 550
968 1455 1022 1514 pro
1043 1441 1138 1514 purte.
1169 1431 1211 1508 V,
1233 1435 1329 1498 257:
1357 1459 1403 1517 pro

227 1543 313 1616 purte
332 1557 394 1596 sue.
425 1531 473 1610 ΙΙ,
498 1534 574 1594 231:
597 1538 670 1596 huso
689 1553 746 1613 pro
761 1531 949 1614 ponderibus
969 1556 1054 1596 ossus
1074 1538 1204 1598 eelerere
1225 1548 1401 1600 necessest.

129 1713 138 1734 ι
227 1633 268 1711 V,
287 1637 321 1696 2:
344 1639 416 1712 Quis
438 1639 518 1716 potis
540 1644 587 1699 est
606 1639 733 1716 dignum
753 1640 883 1718 pollenti
903 1645 1024 1718 pectore
1046 1659 1166 1700 eurmen
1186 1641 1335 1702 condere
1349 1661 1400 1718 pro

226 1761 325 1800 rerum
339 1735 498 1798 maiestate
512 1735 620 1819 iisque
642 1735 793 1818 repertio?
822 1735 877 1800 sio
893 1736 1074 1802 Lambinus
1095 1736 1296 1800 oouieeturu
1322 1761 1397 1823 pro:

225 1863 279 1922 pro
298 1861 398 1902 rerum
418 1843 585 1926 maiestatis
604 1847 696 1922 utque
718 1844 854 1922 repertis.
885 1861 918 1903 v.
934 1843 971 1904 4:
998 1845 1051 1922 qui
1071 1845 1183 1920 fingere
1205 1844 1325 1904 leudes
1343 1862 1397 1921 pro

223 1940 340 2004 mitio
355 1945 418 2004 eius
435 1945 538 2023 possit.
570 1963 601 2004 v.
620 1943 698 2004 231:
718 1966 773 2005 nee
788 1946 884 2004 verius
900 1951 1049 2024 quaerunt
1064 1951 1161 2006 vestes
1176 1962 1237 2022 pro
1256 1947 1396 2023 tempore

224 2049 308 2108 oueli.
339 2066 370 2106 v.
395 2044 492 2106 1058:
518 2067 573 2126 pro
593 2047 675 2106 verio
694 2068 793 2108 sensu.
828 2066 860 2106 v.
886 2045 984 2108 llll:
1003 2063 1060 2123 pro
1069 2043 1163 2128 sarie
1183 2048 1343 2126 cuiusque
1366 2055 1393 2108 et

221 2145 338 2207 uiribus
358 2144 550 2228 inperioque.
583 2166 613 2208 v.
633 2145 730 2210 1174:
753 2171 900 2228 vocesque
920 2150 1062 2228 superbus
1077 2151 1199 2210 mittere
1215 2166 1280 2225 pro
1293 2146 1391 2230 faeie

216 2247 382 2327 praeclara
399 2255 430 2309 et
445 2245 561 2308 viribus
576 2245 696 2326 ampbir.
730 2247 791 2326 VI,
810 2250 909 2313 1281:
933 2253 1060 2330 quisque
1075 2272 1163 2312 enum
1177 2267 1237 2327 pro
1252 2268 1292 2309 re
1307 2273 1387 2312 oom-

222 2357 343 2432 postum
359 2357 491 2412 moestus
507 2352 662 2413 humubet.

306 2453 336 2534 o)
355 2450 406 2513 De
420 2449 684 2513 remuneratione
700 2448 831 2513 dieitur.
855 2449 923 2529 ΙΙΙ,
935 2453 1033 2516 1014:
1052 2474 1215 2533 poenorum
1225 2470 1288 2530 pro
1304 2457 1383 2526 mele

208 2553 324 2638 foetis.
357 2551 399 2630 V,
417 2554 496 2616 1182
514 2556 644 2636 pendere
660 2577 710 2616 eos
726 2577 837 2636 poenus
852 2552 970 2615 iumoui
979 2548 1169 2633 pro'oeeiere
1185 2555 1294 2616 omnis.
1415 2569 1416 2650 p

306 2653 438 2718 'Pmesin
461 2653 494 2715 in
516 2653 755 2736 compositione
775 2675 848 2718 oum
869 2653 970 2718 verbo
993 2675 1090 2736 pesse
1110 2659 1163 2716 est
1178 2653 1378 2736 praepositio
1414 2659 1415 2744 1

221 2757 282 2836 VI,
301 2759 399 2822 1264:
417 2761 515 2820 multu
530 2762 582 2820 siti
597 2764 750 2841 protruetu
766 2761 845 2820 viem
860 2780 914 2838 per
922 2775 1042 2838 proque
1057 2757 1176 2818 voluto.
1413 2777 1414 2840 1

307 2859 380 2922 Siue
394 2858 423 2937 Ι,
441 2861 499 2922 222
517 2865 636 2922 sinete.
658 2881 690 2922 v.
709 2841 893 2937 155:⁸operu
910 2856 977 2920 sier
992 2861 1102 2922 divom.
1127 2856 1174 2934 ΙΙ,
1192 2857 1266 2920 168:
1285 2861 1375 2920 deum
1412 2877 1413 2934 1

218 2961 285 3025 rior
308 2961 440 3023 puerine.
481 2960 613 3039 1,192:
640 2966 704 3024 sino
729 2965 819 3024 eertis
843 2963 1000 3024 imbribus.
1035 2980 1067 3021 v.
1091 2960 1170 3022 198:
1197 2981 1283 3040 quum
1309 2958 1373 3020 einr
1411 2969 1412 3030 1

213 3061 381 3144 principiis
401 3067 496 3126 ullam
515 3087 578 3126 rom
599 3068 725 3128 existere
746 3086 840 3145 posse.
878 3083 910 3124 v.
932 3061 1010 3124 ele:
1032 3065 1134 3122 rostro
1154 3059 1220 3122 rire
1239 3084 1370 3142 quaeque
1410 3053 1411 3126 1

220 3165 322 3227 labore
337 3174 445 3249 sponte
460 3190 515 3228 sue
528 3171 627 3230 multo
643 3170 707 3230 fieri
722 3169 847 3229 meliore
860 3167 986 3228 videres.
1008 3183 1040 3224 v.
1059 3163 1137 3226 363:
1154 3167 1219 3226 sine
1234 3167 1367 3244 pondere.

219 3265 249 3343 Ι,
266 3269 328 3332 300
344 3273 409 3332 sine
424 3273 516 3346 inani,
532 3267 614 3330 item
629 3289 660 3328 v.
679 3268 752 3330 510.
771 3267 845 3330 533.
864 3267 937 3328 538.
960 3301 990 3310 -
1011 3286 1044 3327 v.
1061 3265 1140 3328 443:
1163 3268 1227 3328 sine
1241 3287 1366 3346 corpore,

219 3367 299 3431 item
315 3368 383 3447 111,
401 3373 474 3435 166.
493 3372 567 3432 508.
585 3372 648 3432 554
664 3389 732 3450 sq.:
755 3373 798 3432 sie
819 3373 935 3430 unimus
956 3390 1009 3450 per
1024 3390 1056 3430 se
1071 3389 1133 3430 non
1149 3371 1216 3448 quit
1229 3365 1289 3426 rire
1303 3387 1364 3428 eor-

213 3491 291 3552 pore
315 3481 346 3536 56
369 3471 435 3553 ipro
460 3497 522 3536 esse
546 3469 674 3534 iumine.
706 3492 738 3533 v.
762 3472 835 3536 560.
861 3469 931 3532 731.
956 3468 1029 3533 188.
1056 3465 1099 3545 V,
1122 3468 1185 3532 132
1205 3488 1229 3528 o.
1251 3487 1363 3546 corpore

220 3579 300 3637 oriri.
331 3572 360 3652 I,
382 3577 444 3638 451
462 3595 529 3655 sq.:
554 3578 618 3636 sine
638 3577 794 3655 perniciali
814 3574 950 3634 discidio.
981 3568 1049 3647 ΙΙΙ,
1067 3571 1129 3632 326
1150 3574 1214 3634 sine
1232 3573 1358 3652 pernicie.

220 3697 251 3737 v.
270 3677 331 3739 347
348 3674 414 3738 eine
422 3679 512 3756 posto
526 3673 676 3756 iratoque.
700 3672 729 3750 Ι,
747 3675 824 3738 601:
842 3671 908 3735 siue
916 3671 1062 3754 portibus
1078 3679 1171 3735 extet.
1201 3669 1244 3747 ΙΙ,
1260 3673 1291 3733 5:
1307 3675 1358 3732 too

219 3778 285 3840 ripe
294 3782 388 3858 purte
403 3781 516 3860 pericli.
542 3774 571 3852 Ι,
589 3778 674 3839 1054
688 3795 756 3856 eq.:
774 3780 837 3838 sine
853 3779 924 3838 ullis
939 3778 1051 3837 iotibue
1067 3778 1206 3838 externis.
1228 3770 1353 3848 11,809:

219 3878 285 3941 uiue
300 3899 333 3941 eo
349 3875 495 3961 (luminis
505 3875 585 3960 ietu)
601 3881 831 3960 fierinonpoese
841 3881 1010 3960 putendum
1021 3883 1076 3940 est.
1099 3874 1146 3952 II,
1158 3877 1214 3938 92:
1230 3878 1353 3956 quoniam

219 3988 352 4066 spetlum
367 3981 507 4065 eioefioe
521 3980 706 4062 modoquest.
737 4002 769 4043 v.
788 3981 865 4043 leo:
883 3984 948 4042 sino
963 3983 995 4041 vi
1009 3981 1179 4058 subigente.
1209 3973 1266 4052 HI,
1281 3976 1349 4038 333:

219 4085 285 4148 eine
300 4087 425 4147 alteriue
440 4081 482 4143 ui.
514 4080 562 4159 II,
579 4085 660 4146 423:
683 4089 759 4146 heut
779 4081 846 4144 sior
856 4077 1043 4161 principiali
1058 4078 1162 4162 oiiqeo
1183 4079 1269 4140 ieoore
1281 4101 1349 4140 eree·

219 4195 290 4251 test.
301 4207 333 4248 v.
344 4187 423 4248 425:
441 4209 501 4248 uon
512 4183 616 4269 aliquo
626 4184 692 4246 oioe
700 4189 843 4248 materies
852 4182 993 4266 squalore
1002 4190 1160 4266 repertast.
1177 4203 1207 4242 v.
1219 4178 1348 4242 705τεὶ55

221 4289 287 4351 iuer
307 4325 338 4334 -
360 4312 431 4352 esse.
463 4309 495 4350 v.
512 4289 591 4351 03οι
610 4294 746 4351 constare
767 4323 798 4332 -
818 4283 884 4346 uiue
904 4283 993 4346 odore
1013 4284 1089 4348 ulio.
1116 4281 1183 4359 III,
1202 4283 1265 4346 113:
1284 4287 1344 4344 effu-
