2886 4998
365 387 640 433 sancrosrrrosus
665 390 732 436 suu
755 391 829 434 sau.
856 391 894 434 33
919 395 992 440 333.
1199 380 1257 442 101

94 561 151 620 1331
177 558 236 620 sub
259 557 400 622 dealitas
423 557 510 640 ipsis.
545 580 578 623 3.
600 561 699 624 10583
726 585 802 644 quae
826 569 960 646 pondera
983 575 1055 628 suut
1078 567 1132 628 335
1157 566 1257 629 333313.

97 657 139 734 V,
159 661 225 724 697
245 660 299 724 aab
320 660 411 726 133333
436 699 467 708 -
493 667 632 726 haesitat.
663 661 692 742 1,
710 665 789 727 988:
813 689 868 730 nec
887 692 933 730 333
954 673 1017 731 ulle
1035 675 1100 750 geri
1114 668 1169 730 3335
1185 675 1259 732 33311

95 762 231 840 tremine
250 772 360 848 posset.
392 763 440 842 ΙΙ,
459 765 537 827 6623
560 765 658 828 eodem
678 766 732 827 333
753 767 882 847 73333133
902 775 985 834 caeli.
1019 769 1060 848 V,
1079 772 1161 834 1916
1184 777 1258 836 33311

94 863 150 928 sud
167 865 309 946 3393331333.
328 866 389 943 ΙΙ,
406 868 464 930 303
484 866 538 928 sab
553 867 647 930 3333313
661 873 774 932 arboris
790 875 870 934 altae
891 899 922 924 =
944 871 986 949 V,
1006 873 1099 936 1393.
1131 873 1198 950 ΙΙΙ,
1218 875 1257 937 27

95 966 150 1028 aab
160 967 295 1048 pedibus
311 993 387 1052 quae
406 1006 438 1016 -·
452 978 609 1050 geruntur.
631 969 673 1046 V,
687 971 785 1034 11393
802 971 856 1034 eol
868 973 998 1052 pedibas
1013 980 1098 1056 vulgi
1114 999 1258 1057 magnum

95 1074 225 1152 lugebat
249 1078 403 1136 honorem.
434 1093 466 1134 v.
487 1074 585 1136 12363
611 1077 743 1154 denique
762 1073 816 1135 cub
835 1075 962 1154 pedibus
984 1082 1076 1140 tellus
1101 1101 1170 1141 cum
1191 1087 1258 1142 tota

95 1179 230 1238 vacillat.
256 1173 310 1238 Sic
322 1181 487 1238 corrector
502 1173 652 1257 quadrati
669 1182 703 1238 et
719 1175 820 1238 ceteri
836 1197 893 1259 pro
911 1178 1039 1262 deaiqae
1054 1179 1103 1242 331
1114 1180 1255 1260 pedibas.

94 1274 166 1352 ΙΙΙ,
192 1279 267 1340 8353
294 1283 417 1342 horrida
436 1289 643 1342 contremuere
665 1278 1056 1344 33333333331133133333.
1089 1281 1150 1359 IV,
1175 1286 1255 1346 2113

95 1383 154 1440 sub
181 1385 240 1444 diu.
281 1379 334 1443 Sic
359 1403 417 1464 pro
442 1381 495 1442 aab
520 1381 589 1442 divo
615 1387 780 1444 corrector
804 1381 966 1464 quadrati.
1005 1383 1064 1446 Iu:
1091 1383 1177 1461 „Sed
1203 1385 1257 1448 dia

1 1471 2 1476 ’
96 1479 253 1546 scribitur
269 1485 355 1567 apud
374 1483 539 1561 Plautum,
557 1481 612 1566 qui
628 1505 665 1546 eo
681 1484 782 1547 semel
797 1507 876 1548 usus
887 1491 949 1562 333,
966 1486 1000 1549 in
1011 1507 1107 1550 versu
1116 1487 1256 1550 Mostel-

1 1599 2 1646 i
96 1581 198 1648 133133
218 1584 286 1663 ΙΙΙ,
309 1590 338 1664 2,
358 1587 436 1649 78.“
467 1585 509 1663 V,
529 1588 589 1650 714
611 1593 690 1652 viam
710 1586 763 1650 3333
783 1587 846 1650 3373
867 1597 978 1652 tenere.
1015 1588 1077 1668 VI,
1100 1593 1178 1654 5403
1201 1596 1256 1655 sub

97 1693 146 1749 ter
169 1713 195 1751 o.

146 1713 216 1873 gb)
240 1789 274 1852 id
300 1789 469 1875 exprimit,
496 1791 529 1854 in
556 1791 648 1854 cuius
673 1798 839 1877 potestate
864 1791 988 1876 aliquid
1014 1799 1066 1857 est
1089 1793 1142 1856 vel
1169 1784 1263 1877 quod'

1 1953 2 1968 ,
98 1891 274 1956 comitatur
290 1893 383 1976 quari
398 1914 466 1958 rem
483 1893 551 1958 sive
568 1895 744 1960 actionem.
775 1897 837 1974 IV,
856 1898 934 1960 5433
957 1903 1091 1978 graviter
1105 1897 1158 1958 333
1174 1919 1255 1958 333333-

98 2015 181 2058 3333
194 2003 302 2078 mugit.
332 1996 385 2060 Sic
402 1996 582 2060 Brixiensis
599 1996 700 2062 editio
717 2005 751 2061 33
766 1999 929 2062 Marullus
945 2022 1003 2083 pro
1019 1999 1072 2061 3333
1088 2021 1253 2062 3333333333.

99 2101 238 2162 3.11223
256 2101 449 2164 31333133333
465 2107 542 2164 natu
558 2107 681 2182 degitur
696 2111 786 2166 aetas.
812 2102 854 2179 V,
871 2105 949 2165 9993
968 2127 1029 2166 non
1044 2108 1142 2165 multa
1157 2109 1255 2168 virum

99 2202 153 2262 3333
166 2202 259 2281 alpais
274 2208 358 2266 milia
373 2209 474 2268 ducta.

181 2307 210 2387 c)
230 2304 510 2389 propinquitatem
530 2305 687 2390 temporis
710 2305 874 2390 exprimit.
906 2307 967 2384 VI,
989 2309 1069 2371 4133
1091 2317 1127 2370 33
1147 2315 1255 2371 fierent

100 2411 256 2470 1333333333
281 2408 335 2470 sub
360 2414 489 2488 tempore
513 2409 633 2491 plures?
664 2432 694 2472 v.
713 2412 792 2473 4163
818 2415 946 2474 fulmina
970 2416 1012 2473 313
1033 2433 1092 2472 arao
1115 2416 1179 2474 fieri
1200 2411 1253 2472 aab

102 2514 224 2591 tenpore
238 2517 344 2574 multa.

182 2613 265 2683 Cum
281 2633 389 2676 accus.
408 2619 533 2675 motum
551 2613 715 2697 exprimit.
736 2613 766 2693 Ι,
777 2618 856 2679 4473
875 2639 951 2698 quae
965 2615 1019 2677 3335
1033 2636 1138 2676 aeacus
1148 2615 1250 2676 333133.

104 2715 159 2792 IV,
174 2719 253 2780 4163
276 2722 452 2800 despectum
471 2722 595 2799 praebet
615 2717 669 2779 335
691 2723 789 2780 terras
808 2724 911 2802 inpete
932 2728 1030 2782 tanto.
1065 2741 1096 2780 3.
1117 2719 1195 2780 4193
1219 2729 1253 2780 33

103 2843 188 2902 prope
209 2825 333 2883 miruolo
359 2819 412 2880 3333
434 2824 750 2884 73333333313333311
771 2826 876 2884 nubila
895 2826 1042 2904 dispicere
1067 2856 1097 2868 -·
1124 2825 1252 2883 videare.

103 2919 140 2998 V,
157 2925 233 2985 6543
254 2928 310 2986 sub
329 2932 424 2986 terras
449 2959 478 2968 -
501 2932 685 2987 convortere.
716 2945 747 2987 3.
767 2923 828 2986 658
848 2930 904 2987 sub
924 2935 1018 2988 terras
1039 2962 1070 2970 —
1091 2935 1253 2988 revertens.

103 3046 130 3086 3.
147 3028 224 3088 6823
247 3025 303 3088 sub
324 3031 421 3088 133333
442 3060 472 3070 ψ·
497 3049 627 3088 currens.
659 3045 690 3087 3.
710 3029 808 3090 11473
833 3031 944 3090 33313113
959 3027 1012 3090 aab
1029 3027 1108 3106 lepra
1124 3031 1254 3109 ordoque

102 3153 169 3192 rura.

183 3230 280 3310 Super
291 3226 481 3312 saepissime
493 3227 578 3312 apud
589 3227 778 3291 Lucretium
790 3227 982 3292 adverbium
993 3237 1104 3320 estpac
1114 3229 1255 3312 primum

1 3397 2 3402 ,
102 3332 228 3414 quidem
245 3329 486 3414 significatione
502 3331 577 3394 loci.
611 3331 664 3393 Sic
681 3330 710 3409 Ι,
728 3333 784 3394 39:
806 3337 918 3394 circum
934 3337 1000 3394 fusa
1014 3353 1114 3412 super.
1146 3354 1178 3394 v.
1198 3337 1252 3395 65:

0 3438 1 3459 ¹
101 3441 234 3500 horribili
258 3453 348 3516 super
372 3443 495 3516 aspectu
519 3438 697 3498 mortalibus
722 3439 847 3497 instans.
883 3433 949 3510 ΙΙΙ,
973 3435 1255 3514 1931333333133
1342 3469 1361 3516 j

101 3543 230 3602 lucunas
267 3537 309 3614 V,
333 3537 405 3600 709.
442 3535 570 3600 Deinde
592 3535 868 3618 significationem
889 3535 991 3599 habet
1010 3536 1146 3618 insuper,
1162 3559 1255 3618 Ι33333-

0 3634 1 3647 ’
101 3646 191 3714 terea,
214 3639 401 3702 3133313333.
420 3639 461 3702 331
476 3638 537 3717 VI,
556 3641 635 3702 5143
658 3644 728 3702 33113
750 3644 915 3718 superista
931 3639 1042 3700 337333.
1073 3639 1154 3717 „sio
1171 3638 1255 3702 auti·

101 3741 246 3825 quissimi
272 3747 472 3804 correctores
497 3763 554 3824 pro
581 3741 720 3803 calorem.
753 3762 843 3821 scaber
867 3762 933 3803 non
959 3749 1010 3803 est
1034 3741 1187 3826 desuper,
1221 3747 1257 3803 ut

102 3840 260 3926 expressit
283 3840 471 3919 0333311133,
498 3840 555 3904 3331
580 3841 723 3925 insuper,
749 3848 929 3925 praeterea.
962 3842 995 3905 in
1011 3843 1078 3920 111,
1097 3844 1172 3905 6723
1197 3850 1258 3908 Cur

102 3970 186 4028 super
201 3956 273 4008 ante
289 3954 387 4011 actem
403 3953 534 4008 aetatem
549 3951 720 4009 meminisse
736 3951 916 4027 nequimus?
938 3952 972 4008 33
987 3968 1019 4007 3.
1036 3947 1109 4009 9013
1129 3971 1183 4009 nec
1198 3952 1257 4009 tibi

102 4054 275 4111 earumlam
285 4052 466 4111 desiderium
482 4072 581 4111 rerum
597 4073 686 4132 super
700 4053 814 4112 insidet
830 4075 898 4113 una.
920 4048 992 4126 131,
1006 4051 1082 4112 6483
1100 4055 1142 4113 313
1158 4059 1257 4133 partes

102 4155 175 4232 ignis
198 4155 324 4214 eandem
339 4156 489 4214 Naturam
509 4175 599 4235 quam
620 4162 703 4216 totus
724 4157 817 4216 habet
838 4177 927 4238 super
941 4158 1020 4235 ignis
1036 4158 1192 4217 haberent.
1224 4151 1256 4214 in

104 4251 141 4330 V,
168 4255 245 4316 7633
277 4260 320 4315 Et
345 4278 397 4316 cur
420 4262 500 4317 33333
524 4264 616 4337 queat
640 4259 743 4320 lunam
767 4262 895 4339 spoliare
918 4261 1050 4320 vicissim
1075 4261 1202 4319 Lumine
1227 4266 1258 4318 33

105 4380 274 4438 oppressum
304 4361 398 4418 solem
428 4381 517 4438 super
547 4362 612 4438 ipsa
635 4363 781 4423 tenere‘d“
821 4357 883 4419 His
907 4356 989 4420 locis
1015 4356 1155 4420 addendi
1181 4365 1259 4420 sunt
