2944 4968
230 381 272 442 34
634 395 806 440 sussrsnr.
838 395 910 440 oss.
928 395 981 441 111.

229 572 298 630 ideo
314 571 454 629 conclusa
469 571 623 626 noosntnr
637 564 802 650 sensiferos
816 571 925 638 notos,
943 585 1016 649 qnos
1031 573 1115 629 extra
1130 589 1238 648 corpus
1261 603 1295 612 -
1322 573 1412 630 haut

229 678 357 752 possunt
382 705 412 715 -
439 667 561 730 noveni.
592 666 720 734 Deinde
739 667 804 730 hnc
824 667 991 751 pertinent
1011 675 1128 732 neutra
1148 667 1410 732 adiectivorum

230 777 265 834 et
287 769 515 854 pronominum
541 769 671 832 obiecta
696 767 803 832 verbis
828 769 956 848 addita,
982 769 1082 834 etiam
1107 769 1341 834 intransitivis
1374 779 1408 834 et

228 871 380 958 passivis.
411 872 440 949 I,
457 874 536 936 398:
558 878 694 955 quamvis
714 877 863 936 causando
882 873 979 934 nollo
1000 879 1133 936 moreris.
1165 872 1207 950 V,
1225 875 1338 936 1063:
1360 881 1409 937 in·

228 982 321 1040 ritata
335 997 442 1040 canum
458 1000 526 1039 cum
547 980 677 1058 primum
697 975 819 1038 inmane
834 981 1000 1040 Molossum
1020 980 1125 1039 mollia
1143 963 1219 1038 sicia
1241 981 1407 1040 fremunt.
1448 951 1449 988 l

229 1077 283 1140 sio
302 1078 439 1142 Lachm.
461 1071 660 1160 pro'nopna.
692 1077 754 1154 IV,
780 1079 877 1141 1274:
901 1076 995 1160 idque
1019 1102 1073 1142 sua
1092 1101 1180 1142 causa
1199 1091 1408 1142 consuerunt
1448 1113 1449 1116 ¹

229 1189 327 1244 scorta
342 1179 463 1242 noveni.
496 1179 543 1256 ΙΙ,
561 1183 639 1242 455:
659 1189 691 1244 et
706 1205 864 1263 procursus
879 1185 954 1244 item
964 1180 1102 1260 proclino
1119 1185 1261 1244 volubilis
1279 1192 1404 1244 exstat.

228 1282 381 1346 Lachm.:
402 1280 557 1358 „Gellius
578 1279 612 1344 in
628 1282 671 1359 X,
690 1285 731 1344 24
753 1287 881 1344 veteres
896 1282 1034 1362 procliue
1054 1288 1088 1344 et
1105 1281 1237 1362 proclivi
1258 1281 1403 1346 indiffe-

228 1393 339 1449 renter
353 1383 502 1468 posuisse
518 1383 610 1461 dicit,
628 1383 724 1466 idque
741 1383 789 1446 ita
803 1391 841 1446 ut
856 1405 895 1448 ea
909 1383 1137 1448 adverbiorum
1148 1384 1222 1446 loco
1233 1384 1403 1448 habenda

229 1509 300 1550 esse
322 1486 403 1549 satis
425 1485 588 1549 indicet.“
619 1485 798 1570 Praecipue
818 1485 1006 1550 adamatum
1022 1486 1177 1550 Lucretio
1199 1493 1251 1550 est
1266 1494 1398 1550 nerino.

228 1589 277 1666 ΙΙ,
296 1590 350 1653 76:
372 1595 451 1651 inter
470 1614 501 1652 se
522 1595 664 1652 mortales
684 1595 789 1652 nonina
806 1595 922 1654 vivunt.
953 1589 1020 1666 ΙΙΙ,
1038 1592 1116 1652 801:
1138 1595 1252 1672 quippe
1271 1597 1399 1654 etenim

229 1697 356 1755 mortale
376 1699 498 1754 aeterno
517 1697 642 1772 iungere
664 1701 696 1755 et
716 1717 777 1754 una
797 1698 967 1755 consentire
988 1700 1095 1775 putare
1115 1701 1147 1756 ct
1157 1691 1259 1777 fnnyn'
1279 1699 1396 1754 nonina

229 1819 315 1878 posse
331 1799 505 1876 desiperest.
526 1792 588 1871 IV,
606 1796 666 1858 947
684 1803 790 1858 mutua
805 1799 900 1876 iungi.
923 1793 984 1872 IV,
996 1795 1073 1858 325:
1090 1819 1106 1858 e
1121 1799 1206 1859 laevo
1222 1800 1264 1856 sit
1278 1801 1395 1856 mntem

229 1903 342 1960 dexter.
385 1896 427 1974 V,
455 1898 551 1960 1100:
586 1905 617 1960 et
650 1901 743 1960 micat
776 1902 929 1961 interdurn
964 1903 1094 1962 flammai
1124 1901 1256 1960 fervidus
1287 1904 1395 1976 ardor,

228 2005 333 2060 mootno
350 2005 422 2062 dum
438 2005 519 2063 inter
533 2024 564 2062 sa
579 2005 653 2063 rami
669 2006 838 2082 stirpesque
853 2008 1003 2062 teruntur.
1032 1998 1098 2076 ΙΙΙ,
1115 2003 1158 2062 44
1172 2023 1228 2062 nec
1248 2037 1279 2044 -
1301 2000 1394 2082 qnie-

229 2125 318 2185 qnons
333 2111 453 2165 nostrae
469 2107 594 2166 rationis
610 2127 706 2184 egere.
738 2124 770 2165 v.
787 2104 848 2165 850
869 2106 1021 2184 pertineat
1040 2101 1198 2185 qnioqnon
1219 2139 1248 2148 —
1270 2107 1310 2165 ad
1334 2129 1393 2166 nos

229 2210 260 2267 id
285 2241 316 2250 -
343 2211 465 2268 factum.
497 2204 544 2282 ΙΙ,
569 2208 629 2268 650
654 2205 703 2266 nil
724 2210 830 2286 indiga
853 2210 957 2268 nostri.
989 2225 1021 2266 V.
1039 2206 1117 2266 815:
1142 2208 1217 2268 scire
1241 2209 1316 2267 licet
1341 2205 1395 2266 nil

229 2312 384 2389 principiis
405 2331 479 2391 opus
498 2332 561 2370 esse
581 2313 704 2372 colores.
735 2331 767 2370 v.
787 2308 885 2371 1277:
906 2310 1085 2388 coniugibus
1105 2312 1187 2388 quod
1206 2306 1255 2368 nil
1273 2314 1391 2370 nostris

229 2434 304 2492 opus
329 2435 391 2474 esse
415 2416 545 2474 videtur.
575 2409 618 2488 V,
643 2413 719 2473 263:
745 2411 794 2472 nil
815 2435 890 2492 opus
914 2419 960 2474 est
984 2414 1092 2472 verbis.
1127 2408 1188 2486 IV,
1216 2411 1290 2473 718:
1318 2435 1390 2472 cum

228 2522 331 2576 tamen
347 2519 420 2576 haec
435 2522 552 2576 nostras
567 2518 644 2578 acies
660 2513 708 2574 noio
727 2518 845 2576 laedere
860 2517 985 2596 possint.
1017 2511 1059 2588 V,
1078 2514 1155 2575 265:
1178 2521 1214 2575 ut
1232 2509 1282 2573 nil
1299 2538 1391 2575 umor

229 2620 372 2679 abundet.
398 2617 498 2678 Porro
516 2621 646 2699 spectat
661 2615 725 2678 huc
741 2613 1016 2696 interrogativum
1031 2614 1118 2697 qnid,
1135 2620 1174 2675 ut
1189 2613 1237 2690 ΙΙ,
1255 2616 1294 2676 53
1311 2614 1392 2696 qnid

229 2723 360 2782 dubitas.
391 2717 458 2796 ΙΙΙ,
482 2721 517 2781 6:
539 2717 614 2801 qnid
633 2724 713 2782 enim
734 2722 900 2780 contendat
920 2722 1051 2780 hirundo
1067 2721 1178 2800 cycnis.
1208 2716 1291 2777 Tum
1306 2718 1391 2798 qnod

231 2819 432 2882 coniunctio.
468 2819 497 2896 I,
520 2821 572 2882 94.
597 2823 668 2882 152.
693 2819 770 2882 1⁷3:
796 2826 851 2882 hac
873 2843 905 2882 rc
934 2856 966 2866 -
996 2820 1084 2902 qnod.
1117 2821 1190 2882 352.
1214 2820 1286 2882 742.
1310 2820 1384 2882 746.

231 2924 325 2985 1091.
356 2922 405 2998 ΙΙ,
423 2923 499 2984 630:
522 2927 602 2984 inter
621 2947 652 2984 se
668 2927 745 2986 forte
761 2922 840 3006 qnod
855 2926 943 2985 armis
959 2926 1080 2985 ludunt.
1111 2920 1178 2998 ΙΙΙ,
1197 2923 1229 2984 6:
1252 2921 1333 3004 qnod
1353 2931 1385 2984 te

229 3030 341 3088 imitari
358 3049 440 3086 aveo.
473 3025 525 3084 29.
541 3026 593 3086 tl.
611 3025 663 3088 47.
683 3027 781 3088 1005:
802 3024 881 3108 qnod
899 3029 1015 3088 faciunt
1034 3029 1121 3088 nobis
1141 3048 1288 3088 annorum
1307 3031 1383 3086 tem-

230 3151 302 3210 pora
322 3133 446 3189 victum.
477 3124 538 3203 ΙΙΙ,
560 3127 725 3190 194.196.
757 3149 789 3189 v.
807 3130 887 3192 1191
913 3133 947 3189 et
965 3129 1061 3190 1122‘:
1084 3126 1163 3188 oddo
1178 3126 1269 3209 qnod,
1291 3125 1382 3188 ouius

230 3227 449 3312 copulationis
478 3227 543 3290 alia
572 3229 723 3313 exempla
752 3228 868 3291 attulit
895 3228 1127 3292 Lachmannus
1156 3228 1198 3290 ad
1221 3227 1281 3304 VI,
1308 3229 1381 3290 335.

229 3331 291 3409 VI,
310 3333 384 3395 730:
405 3338 440 3394 fit
462 3356 581 3414 quoque
601 3338 647 3394 uti
663 3337 793 3414 pluviae,
809 3338 918 3409 forsan,
933 3338 1030 3413 magis
1045 3338 1083 3395 ad
1098 3340 1190 3414 caput
1206 3337 1233 3395 ei
1248 3340 1382 3414 tempore

230 3459 264 3497 co
279 3440 363 3510 fiant,
385 3433 465 3517 qnod
484 3439 577 3497 etesia
595 3439 688 3498 flabra
709 3441 884 3516 aquilonum
904 3440 1009 3498 nubila
1029 3439 1184 3499 coniciunt
1199 3439 1231 3496 in
1247 3458 1295 3496 eas
1309 3443 1382 3496 tunc

230 3542 331 3600 omnia
346 3541 448 3618 partis.
480 3535 534 3598 Sic
550 3535 712 3599 Marullus
728 3559 786 3620 pro
808 3559 878 3620 qno,
903 3538 990 3620 quod
1006 3535 1082 3600 ferri
1098 3557 1163 3598 non
1180 3535 1290 3613 debet,
1308 3536 1382 3616 quia

230 3644 293 3699 tnn
320 3637 483 3718 sequitur,
514 3645 662 3722 Tempore
693 3660 725 3701 eo
755 3664 814 3721 quo
843 3645 937 3704 etesia
959 3645 1052 3702 flabra
1075 3643 1245 3722 aquilonum
1269 3644 1383 3702 Nubila

230 3746 385 3803 coniciunt
400 3746 432 3803 in
448 3766 497 3804 eas
513 3747 585 3803 inno
601 3747 702 3805 omnia
716 3747 810 3824 partis
827 3741 903 3824 (Ia).
935 3741 1086 3824 Denique
1108 3742 1172 3802 huo
1192 3739 1380 3803 referendus

231 3849 283 3905 est
304 3841 523 3920 accusativus,
545 3843 600 3925 qui
621 3843 770 3926 sequitur
789 3842 889 3906 verba
910 3845 1099 3907 affectuum.
1131 3842 1179 3920 ΙΙ,
1202 3846 1242 3906 68
1263 3871 1295 3895 =
1312 3842 1378 3920 ΙΙΙ,
1445 3881 1446 3916 ;

230 3947 270 4006 90
292 3973 324 3998 =
345 3944 405 4022 VI,
423 3948 480 4008 38:
496 3967 574 4029 qnae
589 3953 674 4029 pueri
689 3952 723 4011 inv
736 3951 869 4011 tenebris
878 3946 1036 4026 pavitant.
1069 3947 1111 4022 V,
1130 3948 1212 4009 1139
1228 3951 1284 4010 sub
1299 3951 1380 4027 pedi-

231 4052 286 4110 bus
302 4053 387 4128 vulgi
401 4069 541 4128 noqnnn
556 4048 677 4128 nqeon
691 4049 841 4111 honorem.

317 4149 470 4212 Alterum
485 4171 589 4232 genus
606 4150 784 4214 accusativi
799 4147 970 4232 qualitatis
981 4156 1043 4226 est,
1061 4149 1088 4211 si
1105 4149 1235 4212 obiecto
1253 4149 1377 4212 demum

230 4257 348 4314 natura
368 4250 506 4315 actionis
527 4252 720 4337 explicatur,
747 4274 810 4335 quo
835 4250 980 4334 pertinet
1004 4249 1102 4314 etiam
1127 4273 1196 4314 aco.
1222 4258 1315 4335 aptus
1339 4273 1377 4313 ex

232 4353 421 4440 compositis
443 4355 615 4419 verborum
637 4353 928 4418 intransitivorarn.
959 4354 988 4431 I,
1011 4358 1050 4417 81
1067 4377 1132 4436 sq.:
1153 4354 1240 4435 inpio
1260 4363 1291 4417 te
1310 4362 1376 4418 rati·
