2932 4966
487 380 529 426 llll
551 377 862 424 snurcle'llorlsscs

491 790 650 906 Scotto
685 791 866 904 tortiu'

329 1078 383 1152 De
410 1078 725 1154 enunciationibus
753 1087 789 1154 et
815 1078 1013 1178 particulis.

577 1297 648 1375 Cap.
672 1297 756 1355 XIV.

178 1482 206 1542 l.
233 1480 461 1542 Commemoro
476 1477 617 1562 primum
634 1478 716 1542 duos
732 1479 822 1542 locos
838 1478 1013 1544 restitutos
1023 1479 1099 1543 illos
1110 1479 1243 1542 ahach-

85 1602 220 1658 manno‚
239 1581 305 1658 ΙΙΙ,
317 1585 392 1659 028,
409 1579 466 1644 ubi
477 1579 694 1662 disiungenda
704 1582 808 1646 oratio
820 1587 871 1645 est
882 1589 916 1644 et
926 1581 1078 1666 apodosis
1094 1581 1244 1645 facienda

85 1681 146 1761 ita,
168 1690 323 1767 Principio
345 1688 488 1766 quoniam
508 1693 631 1748 tenuem
653 1694 789 1749 constare
810 1690 936 1748 minutis
953 1690 1134 1767 Corporibus
1155 1689 1244 1748 docui

89 1822 124 1830 -
145 1781 213 1847 Iam
234 1792 324 1868 longe
347 1791 517 1850 mobilitate
534 1793 681 1864 Praestat,
703 1793 736 1850 et
752 1786 813 1862 VI,
833 1789 892 1850 799
910 1809 995 1868 sqq„
1019 1785 1075 1849 ubi
1091 1784 1243 1869 apodosis

84 1886 205 1971 incipit
221 1910 239 1952 a
254 1894 329 1952 solio
345 1893 377 1952 in
393 1893 495 1952 medio
513 1913 603 1971 quam
623 1895 710 1953 l'acile
730 1895 774 1952 fit.
805 1889 933 1952 Deinde
948 1887 1151 1952 locutionem
1166 1889 1257 1971 quod*

83 2011 176 2069 super
199 1997 254 2062 eal,
281 1991 321 2054 de
344 2012 408 2072 qua
427 1990 659 2054 Lachmannus
680 1991 721 2055 ad
741 1991 802 2069 IV,
826 1995 903 2056 195:
930 1992 1050 2070 „Solet
1075 1989 1121 2052 sic
1147 1996 1244 2072 poeta

84 2093 166 2174 qood
180 2113 271 2172 reaper
287 2099 331 2155 eal
348 2091 382 2154 in
398 2093 533 2176 apodosi
548 2115 680 2178 ponere,
698 2100 737 2157 ut
752 2093 786 2156 in
801 2095 849 2171 ΙΙ,
866 2097 917 2158 89.
936 2095 1010 2156 091.
1038 2093 1079 2169 V,
1101 2095 1152 2156 64.
1180 2091 1240 2169 VI,

85 2197 187 2269 1000;
212 2193 265 2256 cui
284 2217 342 2278 par
364 2201 416 2258 est
435 2218 503 2276 erqo
526 2202 601 2279 post
620 2197 761 2280 quoniam
777 2196 810 2258 in
827 2197 855 2275 Ι,
874 2199 935 2260 526
952 2202 986 2257 et
1002 2194 1043 2272 V,
1062 2197 1163 2259 260.“
1192 2193 1242 2256 De

83 2297 276 2378 parenthesi
292 2297 379 2370 idem
395 2297 436 2360 ad
447 2297 513 2376 ΙΙΙ,
525 2302 603 2362 428:
621 2298 822 2376 „Lucretius
837 2297 1028 2382 parenthesi
1042 2319 1108 2360 non
1124 2296 1240 2374 utitur,

83 2397 148 2462 nisi
163 2397 212 2461 ita
230 2406 266 2461 ut
282 2400 323 2463 ad
338 2399 423 2463 illud
438 2400 545 2484 ipsum
561 2400 647 2466 unde
664 2401 846 2465 orationem
869 2400 1012 2464 devertit
1032 2400 1156 2477 redeat,
1179 2399 1241 2462 hoc

84 2501 195 2578 modo,
222 2508 375 2586 Principio
399 2509 541 2586 quoniam
566 2511 696 2569 mittunt
721 2511 853 2587 Corpora
875 2529 921 2568 res
945 2509 1070 2581 multae,
1098 2531 1149 2564 -:
1173 2526 1241 2566 nam

83 2629 172 2686 saepe
187 2609 324 2669 videmus
345 2633 394 2667 -ε
412 2612 493 2684 Quae
509 2611 652 2689 quoniam
667 2613 754 2684 fiunt,
771 2606 805 2668 in
820 2605 904 2668 libro
920 2605 982 2682 IV,
1001 2609 1080 2669 54.“

171 2710 201 2770 2.
226 2707 399 2790 Aayndcloo
421 2707 575 2790 frequens
592 2715 644 2772 est
660 2709 745 2793 apud
761 2707 965 2772 Lucretium.
996 2706 1078 2770 Loci
1094 2713 1172 2769 sunt
1188 2705 1238 2768 hi:

82 2805 111 2884 Ι,
130 2809 209 2871 567:
227 2818 286 2885 air,
303 2834 389 2892 equa,
406 2821 495 2890 terra,
511 2836 644 2894 vapores.
675 2835 705 2875 v.
725 2814 786 2876 683
803 2835 870 2894 aq.:
894 2817 990 2874 varios
1012 2835 1150 2886 conexus
1167 2835 1240 2892 pon·

82 2914 163 2987 dere,
188 2916 302 2992 plagas,
328 2937 497 2990 concursus,
521 2924 631 2978 motus.
666 2937 697 2977 v.
721 2919 782 2979 685
808 2940 935 2997 quorum
960 2932 1121 2976 concursus
1145 2914 1241 2970 erictus

82 3013 155 3074 ordo
173 3013 314 3091 pooilcra
325 3018 450 3098 sipuluc
469 3022 606 3080 efficiunt
626 3023 714 3098 ignis.
752 3041 783 3080 v.
803 3020 880 3081 744:
904 3026 982 3094 atra,
1002 3020 1107 3091 solem,
1126 3018 1239 3094 iguem,

81 3123 186 3191 terras,
208 3120 358 3194 animalia,
379 3123 489 3200 fruges.
528 3139 557 3180 v.
581 3121 655 3182 808.
678 3122 740 3182 820
757 3142 825 3202 sq.:
848 3145 978 3202 namque
999 3124 1103 3182 eadem
1124 3115 1239 3176 eaelum

80 3237 163 3278 more
179 3221 277 3278 terror
290 3219 424 3301 stramina
440 3221 531 3282 solem
551 3227 753 3300 constituunt,
773 3228 878 3286 eadem
887 3221 1001 3306 stupco
1023 3221 1148 3281 arbusto
1170 3216 1238 3278 aoi-

81 3317 203 3380 nronlir.
236 3318 283 3394 II,
303 3323 364 3383 118
374 3321 496 3400 proclia
506 3344 630 3403 puqooa
646 3330 744 3403 edere,
765 3349 796 3388 v.
816 3325 951 3388 Lachm.
970 3324 1032 3400 IV,
1052 3323 1134 3386 1000
1150 3319 1237 3381 idem

80 3419 215 3503 legitur.
257 3420 304 3499 II,
331 3426 393 3486 282
418 3449 471 3508 per
494 3431 629 3490 membra
652 3452 705 3510 per
728 3437 820 3490 artus.
861 3449 891 3489 v.
919 3428 991 3489 669.
1021 3427 1080 3490 726
1102 3445 1151 3505 sq.
1176 3424 1237 3484 905

79 3528 244 3587 visceribus
260 3531 357 3588 nervis
374 3533 467 3590 venis.
492 3549 523 3588 v.
536 3530 613 3591 964:
632 3554 685 3612 per
700 3535 813 3593 viscere
828 3535 896 3592 viva
911 3553 965 3612 per
980 3539 1072 3590 artus.
1097 3548 1127 3588 v·
1141 3527 1235 3588 1021.
1312 3518 1314 3520 ’

79 3625 147 3703 ΙΙΙ,
167 3627 239 3689 217.
257 3629 320 3690 080
337 3628 450 3690 clamor
464 3627 617 3709 eloquitur
634 3631 735 3711 turpia
751 3637 895 3714 gliscunt.
920 3654 952 3694 v.
971 3632 1063 3694 1017.
1081 3629 1144 3706 IV,
1162 3633 1238 3711 post

79 3751 109 3790 v.
130 3730 207 3790 126:
224 3737 345 3808 terram,
361 3755 452 3808 marc,
469 3738 593 3796 caelum.
619 3756 650 3795 v.
668 3737 731 3798 458
747 3741 863 3798 caelum
878 3760 959 3798 mare
975 3739 1099 3798 flumine
1114 3735 1236 3794 montis.

78 3853 110 3892 v.
124 3831 186 3894 780
202 3841 368 3896 conventus
384 3839 551 3912 hominum,
567 3861 718 3918 pompam,
735 3844 881 3916 convivia,
898 3862 1023 3920 pugnas.
1047 3858 1077 3896 v·
1091 3835 1173 3897 1131
1185 3854 1235 3914 sq.

79 3938 188 3996 eximia
202 3942 286 3998 veste
300 3971 332 3982 -
347 3936 499 4009 coavivio,
516 3937 631 4021 lychni,
642 3940 890 4018 peculanum,
910 3945 1076 4020 coperculo,
1094 3955 1233 4006 coronae,

78 4041 158 4097 serlo
184 4047 336 4118 parantur.
369 4037 411 4114 V,
431 4041 508 4102 115:
534 4049 685 4113 terras-et
708 4047 802 4106 solem
826 4052 858 4106 et
882 4049 1007 4120 caelum,
1032 4038 1236 4104 materialem

79 4137 190 4199 brimeu.
221 4161 253 4201 v.
277 4143 353 4203 261:
380 4165 462 4204 mare
485 4147 610 4208 flumina
633 4149 742 4208 fontes.
774 4166 806 4206 v.
824 4148 886 4209 418
911 4144 985 4208 colia
1009 4141 1098 4207 lunai
1122 4165 1265 4226 cursus.⁸

78 4261 108 4300 v.
120 4243 182 4303 441
195 4263 261 4322 sq.t
278 4247 439 4306 intervalla
454 4249 516 4307 vias
533 4270 662 4310 conexus
678 4252 812 4329 pondera
827 4253 930 4330 plagas
947 4273 1108 4312 concursus
1123 4254 1233 4310 motus.

78 4363 109 4404 v.
132 4343 192 4406 675
212 4343 355 4427 solmiac
381 4355 543 4427 postremo,
567 4348 634 4421 cic,
660 4348 779 4425 imbreo,
805 4350 925 4426 nubila,
951 4351 1045 4414 oculi.
1082 4372 1114 4413 v.
1137 4347 1232 4416 1336.
