2886 4998
455 395 504 438 111.
537 395 635 438 raon.
662 394 858 440 sunsmvuu.
1171 375 1232 438 100

59 563 151 628 Κατὰ
168 563 288 630 cissos
304 560 440 644 pluralis
456 583 580 646 quorum
596 562 636 626 ad
653 583 881 646 praegressum
898 585 993 642 genus
1015 597 1046 608 —
1067 567 1232 626 humanum

58 664 211 728 relatum
231 673 285 730 est
300 665 348 742 II,
367 667 439 743 174,
458 672 495 729 55
511 664 678 748 cogitetur
691 665 854 728 luminosus.
1187 659 1190 666 ’

147 767 183 830 d.
233 767 402 830 Collocalio
428 768 616 848 pronominis
646 766 782 830 relativi.
823 766 877 830 Ad
907 764 1066 830 remotius
1096 759 1233 828 duorum

58 870 360 937 substantivorum
389 869 530 934 relatum
555 877 607 934 est
630 893 724 953 pron.
748 869 924 934 relativum
948 869 977 946 I,
1004 872 1081 932 282:
1111 879 1233 932 etcum

57 979 163 1038 mollis
186 999 290 1057 squae
312 981 408 1038 fertur
428 984 536 1040 natura
555 985 679 1057 repente
698 979 822 1038 flumine
837 977 1016 1052 abundanti,
1038 993 1126 1055 quom
1142 977 1233 1053 largis

57 1083 220 1140 imbribus
252 1087 345 1160 auget
374 1082 530 1142 montibus
558 1102 592 1142 ex
622 1083 692 1140 altis
719 1101 846 1158 magnus
876 1081 1018 1140 decursus
1042 1080 1139 1157 aquai.
1179 1073 1233 1136 Sic

59 1178 210 1242 Lachm.
220 1204 229 1256 ;
249 1180 412 1243 Marullus
427 1181 517 1264 quod.
548 1177 679 1242 Wakef.
698 1201 792 1263 quem.
825 1180 1009 1242 Pronomeu
1025 1176 1199 1240 relativum
1216 1197 1234 1240 a

60 1281 229 1346 Lucretio
252 1304 350 1366 saepe
370 1305 436 1346 non
457 1282 498 1344 ab
519 1281 612 1346 initio
633 1281 789 1344 orationis
806 1280 949 1364 ponitur,
967 1280 1026 1344 sed
1042 1287 1118 1364 post
1134 1300 1233 1343 unum

61 1384 112 1446 vel
136 1385 212 1448 dno
234 1385 396 1449 vocabula
418 1384 669 1448 enuntiationis,
702 1384 756 1448 Sic
779 1385 807 1462 l,
825 1387 856 1448 3.
879 1389 931 1448 84.
955 1385 1026 1447 145.
1053 1385 1129 1448 14οι
1153 1388 1233 1466 prin-

62 1494 182 1570 cipium
216 1488 305 1552 cuiue
332 1493 404 1552 hinc
428 1495 515 1552 nobis
544 1493 664 1552 exordia
687 1497 796 1552 sumet.
836 1510 867 1550 v.
894 1489 972 1552 336:
998 1491 1131 1550 officium
1155 1486 1235 1570 quod

1 1673 2 1680 ἵ
62 1598 205 1674 corporis
222 1601 330 1656 exstat.
361 1595 393 1656 ν’.
411 1594 491 1656 4215
514 1599 587 1656 5555
603 1591 638 1654 a'u
655 1613 712 1676 quo
728 1597 787 1654 sita
801 1600 882 1654 sunt.
914 1613 944 1652 v.
963 1592 1040 1654 638:
1060 1594 1234 1654 Heraclitus

64 1700 121 1756 init
147 1717 282 1779 qaorum
306 1700 366 1760 dux
391 1701 505 1778 proelia
528 1701 652 1779 primus.
687 1717 718 1756 v.
745 1694 821 1757 717:
847 1699 946 1757 insula
969 1714 1053 1776 quem
1076 1697 1234 1775 triquetris

1 1855 2 1866 2
63 1807 221 1862 terrarum
240 1803 336 1880 gessit
356 1805 387 1862 in
407 1804 475 1862 oris.
507 1798 656 1875 11,321:
680 1797 781 1860 omorio
803 1817 880 1880 quae
899 1801 986 1860 nobis
1005 1801 1095 1878 louge
1111 1801 1235 1858 confusa

65 1905 225 1964 videntur.
257 1923 289 1964 ν.
312 1902 390 1966 344ι
414 1907 559 1978 volucres,
581 1906 824 1984 1555555155555
844 1906 910 1964 loca
930 1925 1074 1982 aquarum
1100 1905 1233 1963 concele-

66 2007 168 2068 brant.
194 2007 312 2068 15430.
332 2005 404 2066 537.
423 2027 454 2068 v.
467 2006 550 2069 1033
565 2004 665 2067 osonio
681 2025 758 2087 quae
772 2027 853 2066 nunc
869 2008 893 2065 si
909 2008 1039 2084 primum
1055 2007 1233 2067 mortalibus

68 2117 185 2170 extent.
211 2130 242 2169 v.
257 2109 340 2170 1040
357 2113 459 2172 desine
476 2131 535 2191 quo
552 2116 684 2190 propter.
709 2105 776 2183 111,
796 2108 868 2168 105.
888 2106 959 2168 106.
987 2104 1049 2181 IV,
1067 2106 1139 2168 237.
1157 2107 1231 2167 468.
1271 2172 1276 2184 ⁸

70 2211 147 2270 596:
173 2235 230 2294 per
251 2210 317 2272 loca
339 2231 426 2294 5555.
467 2210 508 2286 V,
525 2213 599 2274 440.
617 2211 691 2273 472.
710 2211 784 2272 602.
803 2212 876 2272 804.
898 2209 1086 2272 0001385.
1120 2205 1180 2284 VI,
1198 2208 1228 2269 6.

68 2314 98 2372 0.
117 2315 160 2376 50
178 2318 289 2378 Cetera
302 2337 388 2396 quas.
414 2334 446 2376 v.
464 2315 515 2376 64.
537 2313 586 2374 76.
606 2315 678 2374 106.
698 2315 770 2376 171.
788 2315 862 2374 424.
881 2313 954 2376 453.
973 2313 1046 2376 501.
1065 2313 1140 2374 585.
1157 2311 1231 2373 610.

70 2417 142 2478 612.
164 2419 239 2480 702.
259 2417 332 2480 760.
352 2418 423 2481 771.
443 2416 514 2480 772.
534 2417 707 2480 7801030
730 2421 787 2478 5151
808 2436 893 2498 quero
912 2438 1054 2478 memoro.
1086 2435 1117 2474 v.
1135 2413 1229 2475 1243.

69 2520 164 2584 1275.

154 2645 184 2686 5.
219 2621 489 2700 substantivum,
522 2622 608 2705 quod
639 2619 836 2685 describitur
864 2617 1055 2704 pronomine
1079 2616 1229 2696 relativo,

69 2747 306 2810 nonnunquam
335 2725 477 2789 trahitur
506 2724 538 2788 in
571 2723 833 2790 enunciationem
863 2720 1037 2786 relativam
1061 2729 1095 2783 55
1120 2740 1230 2782 casum

71 2851 163 2892 suum
181 2828 367 2914 pronomini
383 2827 521 2893 relativo
538 2827 779 2892 accommodat.
800 2826 828 2903 Ι,
848 2828 941 2890 1058.
961 2826 1042 2888 1060
1058 2842 1135 2906 5555
1149 2845 1229 2885 nunc

3 3018 4 3023 η
70 2947 168 3000 r'erum
190 2935 357 2998 simulacra
380 2938 525 2998 videmus.
555 2931 624 3009 111,
641 2934 715 2995 018.
741 2930 803 3008 IV,
823 2933 895 2993 284.
914 2930 991 2992 8355
1009 2948 1086 3011 qliae
1101 2949 1229 3008 cumque

3 3078 4 3087 ¹
72 3036 226 3099 latuscula
251 3045 324 3100 sunt
348 3042 539 3118 speculorum
562 3039 693 3098 adsimili
714 3039 815 3098 lateris
837 3039 948 3097 flexura
971 3034 1107 3114 praedita
1122 3033 1228 3092 nostri.

72 3161 99 3200 v.
118 3142 193 3204 387.
212 3142 292 3204 406ι
318 3161 391 3222 quor
415 3144 473 3202 tibi
497 3151 563 3201 tum
588 3159 681 3217 supro
706 3135 881 3200 5515555515
904 3159 966 3198 esse
989 3138 1160 3196 videtur-
1181 3138 1230 3194 vix

72 3247 182 3307 absunt
201 3247 289 3306 nobis
311 3248 418 3306 missus
439 3247 485 3304 bis
507 3247 589 3304 millo
610 3246 750 3323 sagittae.
781 3261 812 3301 v.
831 3241 905 3302 438.
923 3238 995 3301 870.
1015 3236 1075 3298 887
1093 3255 1141 3315 sq.
1159 3238 1231 3298 ferit

72 3352 223 3429 extemplo
239 3367 317 3430 quae
337 3352 368 3409 in
385 3369 507 3429 corpore
523 3355 600 3421 toto,
628 3381 658 3388 ·-
684 3347 795 3406 animai
816 3345 922 3403 dissita
936 3344 981 3402 vis
997 3347 1052 3401 est.
1083 3359 1114 3398 v.
1133 3336 1228 3398 1074.

73 3451 153 3512 1145
175 3471 235 3532 quc
258 3453 347 3512 docui
368 3447 497 3510 ratione.
531 3447 592 3524 Vl,
614 3448 676 3509 318
698 3455 730 3508 55
751 3449 842 3508 simul
858 3468 893 3506 ax
910 3441 980 3512 illc,
1003 3459 1080 3523 5555
1101 3448 1167 3503 tum
1182 3458 1230 3500 res

73 3558 184 3635 excipit
198 3557 303 3616 ictum.
322 3574 352 3614 v.
365 3553 438 3614 343.
459 3551 535 3614 7405
555 3553 713 3632 principio,
729 3570 785 3632 555
800 3554 922 3612 Averna
936 3552 1082 3607 vocantur
1097 3540 1228 3612 cornice,

72 3659 101 3718 id
117 3660 156 3718 ab
172 3681 203 3718 re
219 3659 425 3738 inpositumst.
458 3652 512 3715 Sic
528 3651 665 3714 Lachm.
683 3673 741 3736 pro
758 3650 847 3734 quod.

159 3758 342 3820 Pronomen
365 3754 543 3819 relativum
568 3761 619 3817 est
643 3753 743 3816 etiam
764 3750 911 3836 quisquis,
939 3748 1025 3832 quod
1042 3746 1132 3811 hisce
1149 3743 1230 3808 locis

74 3857 253 3922 invenitur:
267 3859 299 3937 1,
319 3861 396 3922 2801
415 3863 537 3941 ruitque
552 3864 596 3921 itu
612 3855 761 3942 quidquid
775 3859 917 3918 fluctibus
934 3858 1044 3918 obstat.
1070 3849 1227 3928 111,135:

74 3961 223 4046 quidquid
242 3967 274 4026 id
295 3973 350 4027 555.
382 3962 536 4025 11555155
564 3961 766 4039 ,05555555
786 3955 922 4040 oblongi
950 3953 1102 4038 Quicquid
1122 3958 1156 4015 55
1176 3949 1229 4012 515

2 4056 3 4084 ³
75 4072 108 4128 et
131 4065 165 4128 in
191 4065 232 4143 V,
260 4067 332 4143 577,
365 4064 477 4148 155555
503 4063 606 4148 prima
630 4085 729 4126 manu
753 4066 890 4142 uterque
914 4057 947 4121 in
974 4057 1017 4134 V,
1043 4058 1137 4133 1252,
1163 4075 1230 4116 555

2 4191 4 4243 J
75 4175 202 4230 recte.“
241 4167 284 4246 V,
310 4169 389 4232 577:
420 4167 570 4252 quidquid
592 4173 624 4231 id
647 4175 703 4243 est,
728 4163 807 4227 item
834 4186 864 4226 u.
894 4164 975 4226 1252
1003 4181 1061 4244 pro
1087 4156 1231 4242 quiequid

2 4346 3 4359 χ
76 4271 224 4349 1155155,
246 4269 302 4354 551
322 4269 418 4334 dicit:
440 4269 628 4354 „Quidquid
649 4267 858 4332 scribendum
880 4285 951 4328 esse
969 4261 1037 4325 dixi
1053 4261 1093 4324 ad
1109 4259 1229 4322 librum

1 4360 4 4447 ¹,
76 4373 214 4452 111,135
231 4379 266 4438 55
280 4375 343 4436 555
359 4371 444 4437 libro
460 4374 669 4457 supra264.“
692 4369 829 4452 Saepius
844 4375 956 4432 tamen
971 4367 1034 4428 hoc
1048 4381 1228 4447 pronomen
