2886 4998
394 389 667 456 rnsnrosrrrouss
691 407 759 456 cuir
781 408 854 454 ser..
1161 388 1201 453 66

12 583 199 656 videlicet,
222 579 409 660 spasmon
429 589 520 663 etque
540 579 668 642 micatis
688 579 803 641 ossibus
821 584 924 642 hic-
891 578 1082 658 -9ipm‘-
1102 587 1201 662 putat.

12 679 74 758 ΙΙ,
99 681 189 744 759:
218 681 355 766 equitas
371 699 459 747 omne·
474 707 569 765 genus
580 682 777 762 ytooootmr
756 683 883 746 v.:870
902 706 937 744 ex
952 685 1198 746 insensilibus-

14 787 134 864 gigni.
154 804 189 846 v.
203 785 281 848 888:
299 804 335 845 ec
343 783 540 847 connectetur
549 809 587 848 ne
597 791 699 848 credas
709 788 818 848 sensile
828 783 941 864 orani?
956 805 987 846 v
1000 785 1078 846 892:
1096 809 1157 848 non
1168 803 1204 844 cc

17 883 181 946 omnibus
197 921 227 930 -
238 884 338 966 pioni.
357 909 388 949 v.
401 888 478 952 930:
496 893 571 951 scire
581 893 654 952 licet
664 887 754 968 piperi
769 911 855 970 posse
865 906 901 947 cc
915 907 976 947 ooo
990 885 1121 948 seruiba’
1138 910 1204 951 sen·

19 1011 92 1048 sus.
127 984 366 1070 V1,246sq.:
392 993 520 1053 fulmina
538 989 662 1070 riquier
686 1011 701 1052 e
725 987 836 1051 crossia
859 993 981 1071 elteque
1006 993 1204 1070 putandumst

20 1085 174 1148 conbibere
200 1089 358 1151 ectrocto'a.
398 1088 427 1166 I,
455 1092 532 1154 159:
559 1111 595 1152 cc
619 1090 750 1152 omottc’
774 1090 862 1152 reboo
887 1115 975 1154 omne
999 1113 1094 1172 genus
1118 1089 1205 1151 nacci

24 1199 155 1270 posset.
188 1189 257 1268 III,
276 1193 352 1255 71οι
378 1202 450 1256 nate
474 1213 511 1254 eo·
533 1192 593 1255 o'ttc
618 1203 782 1277 quactum
804 1199 896 1276 periit
916 1197 1029 1275 partita
1044 1216 1097 1275 per
1111 1201 1204 1254 artur.

25 1291 61 1368 Ι,
83 1295 172 1355 204:
198 1314 215 1361 o
236 1315 295 1378 qro
317 1304 437 1358 constat
457 1301 530 1378 quid
551 1301 646 1379 possit
668 1294 754 1358 oro'rc'.
787 1294 835 1372 II,
853 1297 931 1358 388:
950 1293 1060 1377 (ignis)
1077 1317 1093 1356 e
1108 1297 1205 1356 taedis
1243 1297 1244 1302 ’

29 1400 242 1458 terrestribus
263 1405 356 1460 crtus.
375 1391 419 1461 ¹v.
438 1399 515 1462 387:
539 1403 618 1480 ignis
634 1407 737 1461 noster
752 1403 801 1460 hic
818 1417 833 1458 e
849 1396 943 1476 tionis
958 1403 1042 1458 ortoo
1055 1401 1205 1476 taedaque

33 1503 175 1558 creatus.
208 1517 239 1558 v.
257 1499 336 1560 932:
359 1506 447 1577 Quod
462 1507 488 1563 si
502 1507 581 1564 forte
597 1506 706 1583 uliquis
722 1505 813 1577 dicet,
829 1505 902 1562 dum
916 1507 1011 1576 taxat,
1027 1497 1104 1560 ore'ri
1119 1521 1206 1580 posse

35 1617 77 1658 ca·
93 1618 159 1659 reon
174 1619 265 1662 ccccc
280 1623 384 1664 sensus
400 1608 606 1666 mutabilitate
622 1608 703 1664 cett.
730 1599 797 1679 III,
816 1603 893 1666 970:
911 1606 1024 1665 elides
1040 1600 1104 1662 otio
1119 1624 1206 1663 num·

36 1723 137 1780 quam
158 1704 287 1764 desistet
307 1701 394 1764 oriri.
426 1701 456 1781 I,
474 1705 553 1768 235:
578 1702 716 1787 equites
731 1710 804 1767 haec
819 1727 919 1766 rerum
936 1701 1075 1764 consistit
1090 1724 1207 1766 summe

35 1807 168 1866 refecta.
185 1824 220 1865 v.
232 1803 309 1866 636:
328 1804 594 1884 eriperisummam
605 1805 851 1868 consererent.
870 1827 901 1868 v.
914 1805 989 1868 706:
1008 1803 1207 1882 rotaticum·

38 1927 126 1967 mam
136 1904 301 1968 consistere
316 1931 411 1990 posse.
428 1909 546 1971 neoc:
565 1915 734 1992 eremique
750 1904 1106 1991 putetmicc'scomc'ctere
1121 1929 1207 1987 posse

41 2029 164 2070 aurum.
190 2029 222 2069 v.
241 2010 320 2072 872:
338 2030 375 2072 ec
389 2009 571 2091 aticoipeoc'o
587 2010 755 2073 consistant
771 2015 855 2092 ligne
869 2015 1030 2074 necessest.
1060 2005 1109 2084 II,
1127 2009 1205 2070 584:

43 2113 130 2190 quod
141 2129 253 2189 perere
268 2131 304 2172 ec
318 2133 379 2178 ono
395 2111 542 2174 consistat
557 2118 784 2196 principiorum.
816 2110 858 2189 V,
877 2111 954 2174 237:
979 2129 995 2171 e
1010 2107 1118 2192 qcc'bas
1134 2114 1208 2172 haec

44 2235 149 2274 rerum
173 2210 335 2275 conoscere
358 2239 474 2279 summa
498 2219 627 2279 videtur.
663 2212 693 2291 I,
715 2215 794 2277 616:
821 2236 946 2295 corpora
970 2209 1149 2273 constabunt
1173 2231 1209 2272 cc·

39 2311 189 2391 portitor
203 2309 352 2398 {infinitis
383 2337 416 2376 v.
435 2315 513 2377 622:
540 2337 576 2377 ec
597 2313 731 2399 toficttr'e
750 2313 930 2376 constabant
948 2311 1089 2393 partibas
1104 2335 1207 2394 aeque.

49 2434 83 2474 v.
99 2413 173 2476 796:
191 2423 327 2479 constare
342 2454 371 2463 -
387 2441 423 2480 ex
438 2422 514 2481 aliis.
530 2439 563 2478 v.
576 2418 637 2480 865
654 2437 720 2498 sq.:
739 2437 775 2478 eo
784 2413 967 2496 atteoc'peoc'r
976 2413 1064 2476 rebor
1073 2419 1212 2476 constare

50 2522 185 2595 putetur,
201 2515 316 2577 occidor
332 2526 363 2579 ct
378 2517 478 2579 rccroc'e
493 2516 640 2599 sanieque
656 2525 688 2580 ct
702 2515 853 2596 canocice
867 2520 996 2578 mixtim.
1028 2536 1058 2578 v.
1072 2517 1133 2578 888
1145 2535 1208 2595 sq.:

51 2623 161 2679 terram
192 2623 329 2680 emtore
359 2628 509 2684 necessest
537 2640 573 2680 ec
601 2617 796 2700 attemperate.
838 2616 886 2694 ΙΙ,
913 2619 992 2680 159:
1019 2622 1084 2699 ipsa
1106 2615 1171 2678 scir
1195 2635 1211 2677 c

46 2717 188 2798 portitor
203 2743 272 2782 una.
298 2742 329 2782 v.
347 2720 427 2782 885:
445 2744 460 2783 e
477 2725 576 2802 parvis
592 2728 729 2785 constare
744 2723 858 2801 figuris.
888 2738 920 2780 v,
933 2719 1010 2781 588:
1029 2722 1209 2800 elephantis,

55 2824 143 2883 India
156 2845 283 2903 quorum
302 2820 425 2883 nititur
441 2841 456 2882 e
470 2820 576 2884 mettis
591 2825 671 2886 vello
686 2826 824 2888 munitur
846 2825 960 2884 eburno
977 2820 1021 2902 (h.
1041 2841 1069 2883 e.
1087 2818 1175 2882 vallo
1193 2838 1209 2880 e

56 2921 166 2984 multis
190 2922 324 2985 milibus
349 2925 548 3006 constante).
580 2945 612 2986 v.
631 2925 710 2986 691·
736 2948 771 2987 ex
795 2927 862 2986 aliis
888 2901 1024 2987 constare
1040 2927 1208 2986 elementis.

58 3047 90 3086 v.
101 3026 174 3088 888:
191 3049 226 3088 ex
241 3029 308 3089 aliis
324 3036 508 3089 constarev
512 3027 609 3088 ‚8:20
628 3049 704 3108 quse
720 3045 791 3087 coos
792 3029 861 3086 tarot
878 3044 914 3086 cc
929 3023 1007 3086 tots.
1034 3026 1156 3087 v.8:68
1174 3048 1209 3087 ex

59 3131 289 3192 insensilibus-
303 3137 451 3192 constare.
481 3149 513 3189 r.
526 3128 586 3190 981
606 3147 673 3210 sq:
692 3147 728 3188 ec
743 3126 868 3190 atos-
889 3131 1027 3190 emutare
1043 3125 1207 3204 elementis,

60 3234 128 3294 inde
142 3235 197 3292 alia
211 3249 248 3290 cc
263 3228 349 3292 otiis.
380 3228 448 3307 III,
466 3230 545 3293 375:
563 3251 654 3311 quam
669 3217 777 3313 quibos
792 3249 808 3289 e
823 3249 931 3311 corpus
946 3231 1033 3292 nobis
1049 3235 1081 3290 et
1096 3231 1209 3290 viscera

63 3337 202 3394 constant.
238 3330 300 3409 IV,
322 3331 401 3394 534:
424 3340 566 3396 constent
585 3335 735 3413 corporeis
755 3355 770 3394 e
790 3335 956 3413 principiis.
987 3351 1019 3391 v.
1042 3331 1119 3391 648:
1141 3352 1209 3411 pro·

63 3438 129 3496 inde
156 3454 188 3494 ec
216 3432 379 3496 seminibus
408 3439 548 3496 constaret
578 3438 712 3496 variante
742 3437 847 3516 figura.
887 3431 941 3494 Sic
965 3429 1103 3494 Lachm.
1132 3450 1207 3513 pror

65 3540 183 3600 Proinde
206 3544 238 3598 et
255 3540 426 3599 seminibus
451 3545 592 3600 constant
615 3540 794 3618 varientque
817 3539 923 3616 figura.
953 3531 982 3611 I,
1006 3533 1085 3596 669:
1108 3556 1124 3597 e
1145 3538 1208 3596 nilo

66 3645 140 3703 fient.
167 3636 214 3715 II,
231 3640 294 3701 986
311 3659 359 3719 sq.
389 3635 440 3720 (si)
465 3641 564 3701 ridere
588 3647 691 3720 potest
712 3662 772 3701 non
793 3657 830 3698 cc
850 3632 1016 3698 ridentibc'
1027 3633 1142 3719 factus
1163 3637 1206 3717 (v.

67 3740 213 3822 boehm),
229 3750 262 3804 et
276 3764 380 3824 sapere
395 3748 427 3803 et
442 3744 540 3803 doctis
555 3746 704 3804 rationem
719 3744 844 3803 reddere
861 3743 950 3802 dictis
966 3761 1027 3801 non
1043 3758 1079 3799 ec
1088 3734 1208 3799 scont'ni-

69 3843 116 3905 tos
142 3842 324 3924 capientibus
353 3851 445 3925 etque
475 3840 610 3904 dicertis.
649 3839 712 3918 IV,
740 3842 816 3904 188:
848 3849 920 3904 sunt
949 3865 965 3903 e
995 3844 1099 3922 primis
1128 3844 1209 3902 scota

70 3951 187 4010 minutis.
217 3967 249 4008 v.
263 3947 340 4010 738:
358 3969 435 4028 quse
451 3947 587 4008 confiunt
602 3964 639 4006 cc
653 3941 862 4026 horumfocto
869 3942 995 4027 fipcric.
1027 3963 1058 4004 v.
1078 3942 1154 4006 739:
1172 3961 1209 4002 ea·

71 4048 130 4110 otoo
139 4053 274 4113 Centauri
291 4051 401 4133 nonfit
415 4053 526 4130 imago.
546 4044 589 4124 V,
602 4047 678 4110 89οε
697 4070 734 4109 ne
749 4050 828 4109 forte
844 4065 880 4106 ec
893 4042 1013 4106 tomice
1027 4053 1059 4108 et
1073 4042 1207 4105 octerirco

73 4149 167 4212 semiue
188 4175 331 4232 equorum
356 4149 480 4235 confieri
504 4155 606 4214 credas
631 4154 797 4212 Centauros
821 4171 917 4230 posse.
948 4144 1150 4227 1,714sq.:
1177 4151 1208 4206 et

75 4258 120 4336 qui
132 4256 265 4336 quattuor
280 4272 316 4313 ec
331 4251 420 4314 retes
434 4275 520 4336 posse
535 4258 637 4317 omnia
652 4258 758 4314 rentur
773 4270 809 4311 eo
824 4248 890 4328 ipos·
906 4253 988 4310 terro
1003 4257 1094 4330 atque
1104 4245 1207 4308 ocimo

76 4374 238 4435 procrescere
253 4364 284 4416 et
298 4353 399 4416 tmen.
432 4377 462 4417 v.
483 4355 558 4418 ⁷63:
581 4360 722 4436 Denique
743 4356 888 4436 quattuor
903 4371 940 4412 ec
954 4350 1042 4411 rebor
1057 4355 1083 4412 si
1098 4359 1207 4411 cuncta

122 4457 188 4504 [rouzo.
202 4457 349 4496 ninosnsnn.
978 4455 993 4505 t
