2944 4968
243 297 284 358 58
656 313 809 356 emeres.
842 311 977 358 osurv.

244 488 340 548 hilum
362 487 491 564 tempore
511 481 549 544 dc
569 488 684 547 mortis.
715 480 778 561 IV,
794 483 850 546 31:
874 487 1064 548 membranae
1085 503 1196 546 summo
1219 483 1260 546 de
1287 505 1418 564 corpore

242 609 342 650 rerum
357 591 508 668 dereptae.
540 607 571 649 v.
589 587 645 649 43:
663 591 780 650 mittier
794 590 831 650 cb
847 589 946 664 rebus,
966 605 1078 650 summo
1098 585 1282 667 decerpere
1300 612 1416 651 rerum
1441 612 1442 621 ¹

243 711 275 752 v.
293 691 348 752 53:
375 693 459 752 cuius
483 712 611 772 cumque
635 694 717 754 cluet
741 689 778 750 de
801 709 924 770 corpore
947 695 1013 754 fuse
1037 694 1147 770 regeri.
1179 711 1210 752 v.
1234 692 1301 754 59:
1328 696 1415 754 viteli
1440 703 1441 712 ¹

243 817 312 856 cum
327 796 514 856 membranas
530 791 567 854 de
582 811 703 872 corpore
717 812 828 854 crimino
844 801 1000 858 nmcenter
1015 797 1155 858 mittunt.
1178 813 1210 854 v.
1224 794 1288 856 64:
1310 799 1415 858 tenuis
1441 804 1442 871 j

243 919 362 979 quoque
378 900 469 960 debet
484 900 584 976 imago
599 898 637 957 cb
653 899 741 958 rebus
756 899 849 972 mitti,
865 915 976 958 summo
990 895 1028 956 dc
1038 915 1286 976 corporarerum.
1307 917 1347 960 v.
1363 897 1413 960 74:
1441 890 1442 895 ¹

243 997 378 1080 (largiri)
400 997 438 1060 de
457 995 579 1058 sommis
603 1035 634 1044 -
660 1001 799 1062 colorem.
829 1019 861 1060 v.
880 999 936 1061 et:
960 1003 1055 1062 linteo
1070 998 1108 1060 dc
1122 1019 1234 1060 semeso
1251 1023 1335 1064 cum
1354 1021 1413 1060 cor·

236 1121 312 1182 porc
342 1105 445 1164 lucum
474 1105 614 1172 mittunt.
651 1122 681 1163 v.
709 1103 786 1166 123:
817 1121 871 1162 seeo
896 1099 1079 1182 decerpere
1103 1105 1227 1164 odorem
1253 1109 1412 1186 expirant.

241 1225 274 1265 v.
291 1205 371 1266 308:
390 1207 461 1283 quie
475 1207 583 1267 luroris
599 1202 637 1266 de
652 1223 773 1284 corpore
789 1227 892 1268 eorum
907 1207 1022 1268 semine
1036 1208 1135 1268 multe
1149 1209 1262 1268 fluunt.
1284 1227 1325 1268 v.
1340 1208 1411 1269 326:

241 1311 276 1370 fit
291 1329 411 1389 quoque
428 1305 464 1368 de
479 1305 599 1386 speculo
614 1310 647 1370 in
662 1311 817 1390 speculum
833 1314 869 1370 ut
883 1311 1022 1370 trudetur
1036 1311 1147 1389 imago.
1176 1328 1209 1370 v.
1227 1308 1318 1371 338:
1346 1315 1413 1390 quir
1441 1326 1442 1333 ¹

242 1408 279 1470 de
300 1408 420 1488 speculo
441 1413 474 1472 in
494 1414 650 1491 speculum
670 1414 851 1474 transfertur
870 1413 978 1492 imsgo.
1009 1431 1041 1472 v.
1059 1410 1138 1474 344:
1156 1409 1193 1472 de
1208 1417 1339 1492 speculi
1357 1435 1412 1495 qua

238 1515 329 1591 porte
343 1515 473 1574 recedas.
503 1532 536 1574 v.
554 1513 633 1576 397:
651 1521 771 1576 exstent
786 1537 880 1595 usque
896 1517 1001 1596 procul
1016 1512 1113 1576 medio
1129 1513 1166 1575 (tc
1176 1513 1308 1593 gurgite
1326 1540 1412 1578 mon·

241 1618 291 1676 tis.
322 1634 353 1675 v.
372 1615 450 1678 541:
477 1619 594 1678 amittit
618 1615 655 1677 de
679 1634 801 1695 corpore
824 1623 950 1697 partem.
981 1637 1013 1678 v.
1037 1617 1116 1678 816:
1142 1620 1357 1698 adopinamur
1379 1617 1411 1678 de

240 1714 337 1795 myrris
348 1714 599 1797 meximsporvr'e.
618 1717 698 1780 uer
703 1719 720 1779 5
731 1739 737 1778 :
750 1721 816 1780 sitis
826 1717 863 1780 de
874 1737 995 1798 corpore
1004 1723 1106 1782 nostro
1115 1722 1260 1784 abluitun
1280 1741 1316 1782 v.
1328 1722 1409 1784 9322

241 1823 368 1880 esterno
385 1842 491 1902 corpus
508 1819 545 1882 de
553 1825 647 1900 parte
661 1843 817 1886 necessum
833 1830 879 1884 est
899 1858 929 1868 -
950 1826 1082 1886 tundier.
1098 1843 1130 1886 v.
1142 1823 1222 1884 998:
1240 1847 1361 1906 corpus
1378 1825 1410 1886 de

241 1925 323 1984 terra
346 1927 493 2005 corripere
513 1927 639 1986 instant.
670 1944 702 1986 v.
722 1925 820 1988 1020:
843 1923 880 1986 de
901 1923 1050 1986 montibus
1072 1924 1147 1987 otiis
1166 1929 1271 2007 utqui
1291 1933 1408 2008 praeci·

240 2029 350 2107 pitent.
373 2047 403 2088 v.
422 2027 673 2090 immemorem
694 2063 725 2072 -
747 2026 783 2088 de
798 2046 920 2106 corpore
935 2031 1070 2092 ductum.
1093 2049 1124 2090 v.
1139 2028 1236 2090 1133:
1255 2035 1407 2110 quoniam

239 2126 337 2190 medio
353 2127 491 2212 defecto
506 2134 642 2211 leporum
664 2134 762 2210 surgit
783 2135 876 2194 umeri
895 2135 1014 2212 eliquit.
1044 2152 1077 2192 v.
1097 2131 1195 2194 1214:
1217 2150 1350 2210 corpore
1372 2132 1406 2192 de

233 2229 341 2310 patrio
356 2238 388 2294 et
401 2237 536 2292 materno
552 2230 700 2309 sanquine
711 2241 858 2295 crescunt.
881 2229 924 2309 V,
938 2233 977 2296 2⁷
980 2235 1015 2296 5:
1032 2231 1255 2297 fluitdcrebcs.
1273 2254 1309 2295 v.
1322 2235 1403 2296 487:

240 2357 394 2415 expressus
414 2371 446 2380 -
467 2334 503 2396 de
519 2353 641 2412 corpore
656 2339 756 2398 sudor.
788 2357 819 2398 v.
838 2337 916 2398 568:
940 2341 985 2400 nil
1003 2313 1041 2400 ec
1060 2341 1091 2400 in
1111 2340 1158 2400 his
1173 2341 1348 2400 intervallis
1366 2336 1402 2398 de

240 2455 361 2515 corpore
376 2441 475 2500 libent
489 2442 685 2500 flemmarum.
708 2461 738 2500 v.
758 2438 798 2501 5⁷
801 2440 835 2500 6:
852 2445 915 2504 sive
930 2465 1014 2504 suem
1024 2438 1152 2520 proprio
1168 2443 1263 2501 ieotst
1279 2437 1319 2500 de
1335 2459 1400 2501 cor-

236 2544 428 2618 porolucem.
450 2561 481 2601 v.
496 2539 570 2602 793:
590 2539 626 2600 de
636 2541 719 2602 caclo
729 2547 880 2606 cecidisse.
896 2565 927 2605 v.
939 2541 1251 2606 retrosalientes
1262 2541 1398 2605 lacunis.

239 2663 271 2704 v.
290 2644 366 2705 906:
391 2667 441 2705 ore
462 2647 540 2705 fores
561 2667 659 2706 acrem
679 2650 766 2708 fleret
781 2646 818 2708 de
833 2666 955 2725 corpore
969 2644 1141 2709 flammam?
1171 2667 1203 2707 v.
1221 2645 1302 2706 920:
1322 2671 1399 2728 ques

239 2746 276 2808 de
301 2743 391 2806 terris
415 2769 495 2808 nuno
519 2770 639 2827 quoque
662 2752 828 2812 abundent.
865 2747 927 2825 VI,
952 2750 1006 2811 76:
1032 2773 1087 2812 neo
1111 2748 1149 2810 de
1173 2767 1295 2827 corpore
1322 2773 1399 2830 queo

238 2852 343 2910 sancto
358 2852 518 2910 simulacre
532 2853 672 2914 feruntur
687 2856 719 2913 in
734 2860 851 2916 mentes
866 2856 1033 2915 hominum.
1064 2873 1096 2914 v.
1115 2851 1173 2912 99:
1194 2873 1250 2912 nec
1264 2855 1301 2912 fit
1316 2857 1399 2914 enim

238 2955 355 3014 sonitus
376 2955 451 3013 caeli
472 2951 508 3014 de
525 2968 746 3032 pentecotem.
779 2976 809 3016 v.
829 2956 905 3018 117:
923 2955 961 3017 de
976 2955 1072 3019 latere
1087 2959 1139 3016 iro.
1171 2975 1202 3015 v.
1221 2954 1300 3017 209:
1324 2959 1398 3036 quin

239 3059 329 3118 etiam
346 3059 418 3118 solis
434 3053 470 3115 de
486 3053 599 3117 tursius
614 3061 712 3120 multe
727 3066 875 3122 necessest
891 3063 1057 3140 concipere.
1086 3079 1118 3119 v.
1136 3058 1215 3119 329:
1238 3064 1274 3118 ut
1289 3062 1398 3136 validis

239 3181 315 3241 quae
335 3157 372 3220 de
394 3156 549 3218 tormentis
571 3163 661 3221 misse
675 3165 822 3222 feruntur.
853 3181 885 3221 v.
904 3161 981 3222 386:
1004 3164 1115 3242 quidve
1131 3183 1238 3222 nocere
1254 3169 1347 3240 queat
1362 3160 1398 3222 dc

238 3261 321 3324 coeto
343 3265 479 3324 fulminis
500 3265 588 3324 ictus.
619 3283 651 3324 v.
669 3261 796 3326 4272111
812 3286 893 3325 mere
909 3261 946 3324 dc
962 3261 1046 3324 caelo
1063 3266 1235 3325 descendet.
1266 3284 1297 3323 v.
1315 3263 1395 3324 433:

237 3370 270 3428 in
290 3389 371 3428 mere
392 3364 429 3426 de
451 3365 534 3426 coelo
556 3403 588 3412 -
609 3369 737 3428 demissa
753 3369 901 3428 columna.
932 3387 964 3426 v.
981 3367 1044 3427 466
1061 3385 1127 3446 eq.:
1152 3371 1218 3446 ipso
1233 3363 1344 3426 vertice
1361 3366 1397 3427 de

237 3473 349 3532 montis
359 3473 520 3532 videantur
529 3491 649 3549 surgere
660 3474 691 3530 in
701 3474 845 3532 aethrem.
866 3487 896 3528 v.
909 3469 970 3530 477
982 3491 1103 3549 surgere
1114 3467 1150 3529 dc
1160 3473 1255 3528 terra.
1273 3488 1304 3528 v.
1316 3470 1393 3536 ,5122

237 3579 336 3653 urget,
358 3571 395 3632 dc
414 3591 522 3651 crepero
544 3576 663 3654 premit.
696 3567 749 3632 Sic
766 3569 903 3630 Lechm.
926 3590 984 3652 pro
1005 3575 1109 3656 cepeto
1124 3589 1244 3648 supero,
1267 3568 1391 3635 dicens:

237 3673 367 3756 „magis
378 3673 506 3757 proprie
518 3674 682 3753 decepere,
696 3694 759 3754 quo
771 3671 910 3734 Plautus
920 3694 998 3736 usus
1014 3679 1076 3750 eet,
1095 3670 1216 3734 dicitur
1233 3693 1326 3753 quem
1340 3675 1391 3736 ee-

236 3784 366 3858 euper.“
388 3800 419 3858 v.
439 3779 515 3840 522:
533 3775 614 3838 omni
635 3812 665 3822 -
687 3775 723 3837 dc
732 3781 825 3855 parte
840 3781 989 3841 feruutur.
1012 3797 1044 3838 v.
1058 3777 1133 3838 604:
1152 3779 1257 3840 subdit
1272 3784 1302 3838 et
1316 3781 1392 3842 hunc

237 3885 395 3944 stimulum
411 3879 542 3962 quadam
557 3869 698 3958 deporto
712 3883 838 3942 timoris.
865 3902 896 3942 v.
911 3882 988 3944 633:
1006 3885 1039 3942 in
1054 3902 1135 3942 mers
1151 3877 1188 3940 de
1204 3875 1389 3944 terrisvenit.

237 4005 269 4047 v.
284 3985 343 4048 735
353 4007 359 4044 :
371 3987 498 4046 forsitan
507 3987 693 4064 Aethiopum
704 3988 825 4066 penitus
836 3982 872 4044 de
881 3982 1032 4044 montibus
1042 3979 1116 4044 eliis
1134 3988 1257 4044 crescet.
1275 4003 1304 4044 v.
1317 3983 1390 4045 766:

237 4092 345 4151 ducere
362 4084 399 4146 de
415 4081 542 4145 latebris
557 4091 710 4168 serpentis
725 4091 970 4150 saeclefererum.
987 4107 1019 4147 v.
1031 4087 1094 4148 819
1106 4105 1168 4166 sq.:
1181 4082 1217 4144 dc
1227 4087 1387 4166 terraquee

237 4195 335 4271 surgit
349 4193 382 4250 in
397 4209 493 4264 aurae,
510 4194 691 4270 utspatium
707 4195 783 4253 caeli
798 4189 930 4271 quartam
945 4188 982 4250 de
999 4193 1089 4268 parte
1103 4195 1250 4250 venenet.
1276 4209 1304 4249 v.
1321 4192 1389 4256 855:

237 4317 299 4358 non
315 4296 426 4376 quierit
442 4296 573 4356 calidum
593 4313 703 4374 supera
724 4293 760 4354 de
775 4295 900 4356 reddere
910 4297 1014 4372 purte.
1046 4307 1077 4354 v.
1096 4295 1175 4356 884:
1199 4289 1235 4350 de
1251 4295 1389 4374 terraque
