2944 4968
670 291 840 338 SUBSTAN'I'.
868 293 940 338 (ἋΡ.
959 291 1004 338 lv.

530 721 581 776 ΙΙ.
600 721 792 792 lusui·
809 717 1148 791 prnepositionun.

760 915 833 992 Cap.
857 913 910 972 IV.

422 1098 445 1150 1.
482 1097 755 1164 Praepositioiies
776 1115 843 1148 cum
865 1099 1016 1148 ablativo
1038 1097 1253 1148 coniunctae.

344 1287 384 1358 A,
402 1284 440 1346 ub
461 1286 491 1367 a)
512 1283 663 1368 exprimit
686 1283 795 1346 iocum
816 1290 874 1346 sui
896 1305 979 1361 rem,
1001 1281 1087 1346 uude
1108 1280 1235 1364 aliquid
1257 1293 1425 1346 movetur.

259 1387 373 1448 Motus
389 1385 447 1449 ille
464 1393 519 1448 uui
538 1387 626 1449 serni
642 1393 754 1470 potest
770 1395 827 1450 sut
840 1385 986 1468 cogitare
1001 1391 1149 1461 tantum
1168 1383 1301 1448 dieitur
1321 1394 1425 1450 autes

258 1487 406 1570 eogitato
423 1488 482 1552 illo
498 1503 606 1566 motu,
630 1488 686 1552 ubi
706 1489 785 1571 quid
801 1488 885 1567 exii,
909 1488 1038 1552 initium
1056 1487 1161 1572 cupis,
1182 1488 1424 1571 proficiscitur,

257 1589 370 1652 oritur.
416 1591 581 1675 (Kampm.
619 1591 660 1654 de
684 1599 739 1656 ΑΒ
769 1591 1021 1676 praepositionis
1050 1614 1112 1654 usu
1135 1590 1302 1654 Plautino
1331 1617 1368 1676 p.
1393 1597 1422 1672 1,

254 1692 284 1771 Ι,
303 1696 340 1758 51
358 1701 553 1777 animumque
574 1719 711 1776 ssgseem
731 1701 872 1756 semotum
888 1717 907 1755 a
923 1694 1006 1757 euris
1026 1699 1137 1758 adhibe
1152 1718 1256 1756 vsi-sm
1276 1701 1321 1758 ad
1340 1703 1423 1758 ratis

254 1821 333 1860 nem.
365 1819 395 1859 v.
414 1800 494 1861 463:
517 1802 658 1859 semotum
676 1797 713 1858 ub
729 1823 829 1862 rerum
845 1803 925 1860 moire
935 1797 1125 1880 placidaque
1140 1795 1252 1879 quiete.
1292 1797 1348 1875 ΙΙ,
1369 1803 1420 1862 645

253 1905 364 1962 semota
391 1899 428 1962 ab
459 1900 572 1962 nostris
599 1900 687 1961 rebus
710 1901 908 1984 seirruebeque
938 1906 1037 1982 longe.
1077 1898 1144 1975 III,
1168 1900 1208 1961 66
1238 1909 1367 1962 semoea
1391 1902 1419 1960 ri

254 2002 338 2064 dulei
354 2002 418 2064 vite
434 2003 600 2086 stabilique
617 2007 767 2066 videntur.
802 2003 843 2080 V,
862 2007 923 2067 149
939 2011 1056 2066 remota
1075 2007 1211 2065 sensibus
1232 2007 1272 2066 sb
1297 2011 1417 2068 nostris.

253 2103 294 2180 V,
312 2107 375 2167 350
400 2132 474 2187 quos
495 2129 514 2168 e
536 2107 600 2168 situ
624 2117 733 2170 natura
757 2105 892 2168 removit.
925 2105 1032 2182 1,430
1050 2125 1099 2186 sq.
1126 2103 1267 2166 ebernei
1293 2129 1416 2187 corpere

251 2206 419 2269 seiunctum
435 2214 640 2292 secretumque
657 2234 719 2272 esse
735 2208 772 2269 ab
788 2207 889 2269 irrasi.
919 2207 967 2286 ΙΙ,
986 2211 1046 2270 861
1065 2213 1166 2270 omnis
1181 2212 1279 2270 sinte
1292 2211 1414 2288 prere-ei-

248 2309 314 2388 pe'r's
328 2310 467 2372 seiuncta
484 2322 641 2374 necessest.
659 2310 707 2389 ΙΙ,
725 2313 787 2374 912
804 2337 821 2374 a
837 2315 923 2388 nobis
938 2349 969 2358 —
988 2319 1111 2374 ssereia.
1132 2303 1200 2385 ΙΙΙ,
1218 2312 1280 2372 552
1300 2325 1414 2376 secrete

250 2417 288 2475 ab
304 2418 401 2476 nobis.
431 2435 462 2475 v.
482 2416 558 2476 625:
582 2423 697 2477 seorsis
712 2438 729 2476 a
744 2439 867 2497 corpore
884 2422 996 2478 nosiro.
1028 2413 1089 2490 IV,
1106 2415 1168 2476 468
1186 2433 1234 2494 sq.
1253 2437 1303 2476 res
1320 2436 1413 2476 serer-

250 2535 321 2576 rere
341 2524 459 2598 aperies
481 2516 519 2577 ab
540 2517 658 2590 dubiis,
680 2524 797 2580 animus
819 2542 892 2600 quas
908 2516 945 2578 ab
961 2538 992 2578 se
1007 2522 1145 2599 protinus
1161 2519 1257 2578 addis.
1289 2516 1335 2593 V,
1353 2521 1412 2580 446

250 2618 377 2680 eierrr's
398 2625 494 2682 altum
510 2640 663 2681 secernere
679 2625 803 2682 eaelum.
829 2619 858 2696 Ι,
875 2620 938 2681 410
957 2624 1118 2701 paulumve
1140 2617 1298 2680 recesseris
1316 2619 1355 2680 ab
1371 2641 1411 2682 re.

251 2719 313 2797 IV,
325 2723 377 2782 65:
395 2745 463 2784 nem
481 2746 534 2784 eur
542 2727 596 2784 illa
606 2726 715 2785 eadunt
724 2726 820 2802 magis
830 2720 867 2782 ab
877 2709 1023 2804 rebusque
1033 2721 1176 2782 recederet
1187 2725 1267 2782 uehi.
1287 2725 1409 2786 v.130:

254 2847 331 2905 quae
354 2848 481 2906 cumque
505 2824 542 2886 ab
563 2824 651 2886 rebus
666 2848 765 2886 rerum
781 2829 940 2886 simulacra
954 2824 1108 2886 resederet.
1141 2845 1172 2884 v.
1193 2825 1252 2887 737
1269 2831 1361 2887 vsriis
1378 2831 1411 2886 ab

253 2929 342 2988 rebus
364 2963 395 2971 —-
410 2931 575 2991 secedunt.
607 2925 769 3002 VI,1042
792 2933 844 2990 Fir
865 2963 896 2973 -
917 2935 952 2990 ut
974 2949 992 2988 a
1014 2925 1118 3006 lepide
1137 2924 1191 2986 hor
1211 2931 1281 2988 ferri
1303 2937 1410 2990 natura

251 3028 384 3089 recedat.
417 3026 458 3104 V,
478 3028 537 3091 707
561 3037 707 3110 quantum
730 3035 801 3092 solis
823 3030 935 3090 secedit
956 3027 992 3090 ab
1015 3027 1091 3090 orbi.
1122 3027 1152 3105 Ι,
1170 3030 1210 3090 64
1226 3052 1303 3110 quae
1319 3041 1409 3112 eaput

251 3153 270 3192 e
287 3135 361 3193 eseli
384 3130 557 3209 reyiorrr'brrs
578 3137 766 3195 ostendebat.
798 3155 828 3192 v.
848 3132 924 3194 102:
949 3155 966 3192 α
983 3130 1068 3193 uobis
1088 3168 1119 3176 —
1142 3130 1304 3192 desciscere
1319 3158 1407 3214 quae·

251 3257 307 3296 res.
339 3255 370 3296 v.
389 3235 466 3295 352:
491 3259 585 3316 usque
608 3240 645 3298 sb
665 3240 816 3298 radicibus
831 3239 909 3296 imis.
939 3255 972 3296 v.
989 3236 1067 3296 459:
1092 3237 1180 3296 rebus
1196 3238 1233 3296 ab
1252 3239 1322 3316 ipsis
1340 3259 1407 3300 eon·

251 3341 390 3418 sequitur
405 3361 523 3414 sensus,
544 3345 730 3400 transuersum
751 3341 826 3418 quid
841 3341 881 3398 sii
896 3341 927 3397 in
944 3360 1026 3398 aevo.
1058 3359 1090 3398 v.
1108 3337 1187 3398 637:
1211 3357 1315 3398 avers
1330 3343 1405 3420 lapsi

249 3437 372 3498 ratione
401 3443 553 3502 videniur.
583 3462 615 3501 v.
639 3441 655 3502 7
661 3443 716 3503 11:
748 3463 859 3520 magno
889 3461 1027 3521 operer
1057 3459 1125 3500 vero
1156 3444 1246 3520 longe
1275 3443 1404 3504 derrasse

250 3545 401 3603 videniur.
433 3563 464 3603 v.
488 3545 566 3605 880:
594 3547 674 3624 quod
700 3551 803 3604 tamen
825 3565 843 3602 e
864 3561 935 3602 eera
962 3547 1052 3622 longe
1072 3541 1193 3604 rarione
1214 3546 1401 3624 repulsumst.

250 3641 299 3719 ΙΙ,
318 3645 372 3704 82:
397 3649 480 3707 avius
505 3667 524 3706 a
545 3665 616 3705 uera
638 3649 728 3724 longe
749 3643 870 3705 ratione
885 3650 1011 3726 vagaris.
1043 3668 1074 3706 v.
1092 3647 1169 3708 176:
1193 3669 1300 3725 magno
1316 3671 1400 3728 opere

251 3767 270 3806 e
286 3765 358 3807 reru
374 3751 450 3829 lapsi
475 3746 596 3808 rariore
616 3751 767 3809 videntur.
801 3769 832 3808 v.
852 3749 930 3810 229:
955 3754 1039 3810 avius
1061 3771 1080 3808 a
1095 3769 1166 3809 vere
1182 3753 1272 3828 longe
1286 3749 1399 3810 ratione

250 3853 373 3912 recedit.
405 3871 435 3912 v.
456 3852 533 3912 645:
556 3854 645 3928 longe
664 3858 736 3913 suni
750 3849 852 3913 iameu
869 3873 887 3910 a
904 3871 974 3912 eercr
990 3849 1110 3911 ratione
1125 3857 1254 3933 repulsa.
1287 3851 1324 3928 V,
1342 3855 1394 3915 23:

251 3955 371 4032 longius
393 3974 411 4012 a
433 3972 504 4012 rere
526 3957 623 4014 mulio
647 3951 767 4013 retroue
788 3958 892 4014 ferere.
923 3975 954 4014 v.
974 3954 1050 4016 406:
1076 3959 1157 4034 quod
1172 3955 1285 4033 procui
1298 3977 1314 4016 e
1329 3975 1395 4017 uere

251 4059 340 4116 nimis
365 4059 409 4114 est
429 4053 550 4114 rariore
569 4054 734 4133 repulsum.
758 4043 827 4132 VI,
847 4056 922 4118 767:
949 4061 1030 4138 quod
1048 4055 1162 4135 presel
1184 4079 1202 4116 u
1223 4078 1292 4118 erre
1311 4082 1393 4138 quam

251 4161 291 4218 sit
310 4155 432 4216 ratione
451 4160 604 4236 repulsum
625 4163 754 4238 percipe.
785 4179 817 4219 v.
836 4159 913 4219 853:
943 4162 1023 4240 quod
1043 4162 1133 4220 nimis
1155 4181 1174 4219 e
1195 4167 1294 4220 verast
1311 4164 1393 4240 longe

250 4257 371 4318 ratione
395 4267 555 4320 remotum.
594 4245 725 4334 1,’662;
752 4265 796 4321 nil
820 4259 856 4320 ab
881 4281 912 4320 se
936 4265 1057 4323 mittere
1082 4271 1217 4342 possunt.
1252 4259 1296 4336 ΙΙ,
1317 4263 1390 4324 1135
