2886 4998
213 371 279 432 Χ162
620 386 764 430 versuum.
798 385 869 429 cer.
889 385 962 428 vm.

216 582 292 618 rum.
323 554 385 632 VI,
409 556 469 618 206
491 576 539 636 sq.
563 557 625 617 448
648 576 714 635 sq.:
740 559 792 618 sed
817 560 888 636 quia
911 559 945 617 fit
970 578 1035 615 raro
1060 557 1183 616 omuino
1202 546 1397 626 montisque

216 663 362 720 necessest
378 659 500 742 rrsJicere
515 662 547 721 in
562 663 659 721 terris.
685 655 739 718 Sic
756 656 835 719 itali
851 677 909 740 pro
925 655 1068 740 officeret.
1094 677 1126 717 v.
1145 656 1206 716 922
1223 675 1273 734 sq.
1298 644 1398 710 emitti

216 760 380 843 spcrpique
395 765 542 822 necessest
558 781 694 840 corpora.
726 756 754 835 Ι,
767 761 828 822 686
839 781 906 842 sq.:
924 764 968 822 nil
984 756 1113 842 referret
1128 761 1208 820 enim
1224 751 1397 838 quaedam

217 864 370 935 desedere,
398 861 494 933 edire,
521 873 611 943 atquo
636 860 701 922 etia
723 861 873 934 adtribui,
899 860 1071 943 cantarique
1088 864 1192 923 ordine
1212 855 1394 942 quaedam.

215 987 247 1028 v.
266 970 328 1029 885
345 987 435 1047 sqq:
459 968 607 1026 consimili
624 969 739 1026 ratione
758 963 865 1026 derbes
881 989 1000 1047 quoque
1016 987 1103 1045 saepe
1120 961 1242 1023 decebat
1257 973 1288 1023 et
1311 961 1395 1020 lati-

216 1093 264 1130 ees
280 1072 377 1131 duleis
393 1075 497 1148 guttas
513 1071 664 1148 similique
680 1091 784 1150 sapore
798 1067 929 1140 mittere,
947 1072 1098 1149 lanigerae
1108 1070 1190 1148 quali
1201 1075 1271 1127 sunt
1280 1066 1394 1124 ubere

216 1176 313 1247 laetis,
334 1175 460 1246 scilieet,
481 1179 512 1232 et
533 1173 629 1250 globis
649 1176 797 1232 terrarum
816 1194 904 1252 saepe
925 1174 1022 1232 friatis
1042 1174 1201 1232 herbarum
1213 1187 1334 1246 pererra
1356 1171 1393 1222 et

206 1273 321 1357 propes
334 1272 529 1357 frondesque
554 1271 652 1333 videri
677 1271 838 1352 dispertita
863 1278 944 1334 inter
967 1281 1077 1334 terram
1101 1275 1223 1333 latitare
1246 1273 1388 1330 minute.

217 1375 264 1452 Π,
283 1377 317 1438 3:
341 1400 401 1438 non
417 1374 608 1456 quiarerarr'
630 1379 833 1458 quemquamst
854 1373 987 1434 ineunda
1008 1374 1159 1454 uodnptas.
1192 1395 1225 1434 v.
1243 1373 1300 1433 121
1325 1391 1385 1446 sq.
1440 1398 1441 1423 r

210 1477 382 1557 primordia
399 1501 498 1540 rerum
520 1478 610 1560 qnate
629 1477 717 1540 sitin
732 1502 842 1559 magno
858 1474 972 1537 iactari
987 1501 1104 1558 semper
1118 1481 1213 1538 inani.
1243 1497 1273 1536 v.
1291 1473 1383 1535 125:

217 1585 289 1642 haee
305 1585 439 1642 animum
456 1585 485 1640 te
500 1579 657 1640 advertere
666 1601 730 1660 par
743 1585 800 1641 est.
832 1601 863 1640 v.
883 1580 945 1642 274
961 1601 1029 1660 sq.:
1052 1603 1121 1642 nam
1137 1587 1206 1640 tum
1221 1574 1385 1637 materiem

216 1688 312 1745 totius
328 1687 459 1765 eorporis
476 1702 590 1743 emerem
599 1682 824 1762 perspicuumst
842 1686 929 1744 nobis
950 1686 1055 1745 invitis
1074 1680 1120 1742 ire
1134 1679 1274 1761 rapique.
1303 1674 1379 1749 ΠΙ,

218 1787 279 1846 665
297 1806 345 1866 eq.
363 1789 504 1866 sequetur
519 1806 610 1845 anam
626 1785 810 1846 animantem
825 1789 939 1847 animas
954 1783 1095 1845 debuisse
1110 1788 1142 1845 in
1158 1806 1281 1864 corpore
1296 1783 1381 1842 mul-

216 1899 272 1950 tas.
304 1909 335 1948 v.
362 1887 424 1948 684
447 1907 496 1968 sq.
522 1911 576 1969 per
599 1911 629 1950 se
650 1891 708 1950 sibi
728 1886 829 1948 ninere
849 1887 945 1948 setam
965 1884 1114 1947 convenit.
1147 1883 1209 1962 IV,
1228 1886 1287 1947 562
1303 1903 1376 1961 sq.:

216 1999 319 2052 tamen
334 1993 476 2068 praestat
497 1994 622 2051 rationis
645 1995 776 2067 epentem
797 1989 923 2051 reddere
941 1992 1084 2051 mendose
1099 2013 1203 2050 causas
1218 1993 1378 2066 utriusque

217 2099 339 2172 figurae.
370 2089 411 2166 V,
430 2092 492 2152 162
516 2091 597 2174 qnod
617 2091 703 2171 tanpe'
725 2117 785 2154 non
807 2091 879 2152 ticet
902 2090 1009 2171 qnsrrm.
1041 2113 1072 2152 v:
1092 2092 1172 2152 180:
1199 2095 1270 2172 quid
1295 2087 1375 2149 obest

217 2220 277 2258 non
298 2213 360 2255 esse
380 2192 538 2254 creatam?
572 2215 604 2254 v.
630 2195 727 2257 1023:
754 2199 975 2257 imbecillorum
1000 2213 1063 2254 esse
1083 2214 1187 2254 accam
1207 2189 1375 2253 misererier

216 2296 324 2358 orneris.
351 2293 404 2358 Sic
415 2295 579 2358 Marullus
595 2317 653 2379 pro
670 2297 761 2358 omni.
783 2319 815 2358 v.
828 2299 929 2358 1262:
946 2305 1015 2358 tum
1025 2295 1212 2376 penetrabat
1228 2319 1276 2358 eos
1287 2309 1374 2373 posse

210 2400 290 2485 *daeo
307 2397 477 2482 liquefacta
494 2404 591 2462 calore
611 2437 643 2446 -
658 2399 828 2462 decurrere.
851 2398 912 2476 vl,
923 2402 997 2463 615:
1017 2405 1193 2481 quominus
1210 2403 1255 2459 est
1270 2396 1371 2458 miram

222 2527 304 2565 mare
319 2527 380 2565 non
399 2521 557 2579 capescere
572 2523 722 2580 mapnnm.

309 2608 340 2667 8.
364 2602 554 2668 Infinitivus
571 2603 704 2685 ponitur
719 2625 777 2687 pro
795 2603 926 2665 obiecto
942 2603 1128 2681 remotiore,
1147 2602 1237 2685 quod
1253 2603 1290 2664 fit
1304 2605 1374 2684 post

223 2706 387 2771 adieetiva
403 2713 437 2768 et
453 2716 529 2789 post
544 2706 655 2769 verba.

309 2833 339 2873 a.
366 2809 537 2871 retentiva.
568 2809 611 2886 V,
630 2811 706 2872 123:
729 2815 821 2892 inque
838 2815 927 2872 deum
943 2836 1068 2873 numero
1084 2834 1160 2893 quae
1176 2814 1240 2872 sint
1254 2806 1372 2886 indipna

224 2911 333 2975 rideri.
365 2933 397 2973 v.
416 2914 514 2974 1145:
533 2911 684 2994 defessam
698 2918 729 2974 vi
744 2913 842 2974 cetere
857 2937 972 2974 aevom.

309 3015 344 3075 b.
374 3013 480 3074 Verba.
512 3013 541 3090 Ι,
559 3017 598 3076 69
616 3035 680 3094 sq.:
704 3040 780 3097 quae
800 3040 855 3078 nos
870 3020 1026 3080 materiem
1047 3053 1079 3062 —
1099 3037 1207 3077 nocere
1223 3025 1254 3078 et
1270 3018 1372 3077 semina

225 3143 325 3180 rerum
349 3116 508 3196 appellare
531 3120 648 3178 serimus
672 3127 704 3180 et
726 3124 801 3181 haec
826 3123 929 3180 eadem
954 3139 1103 3198 reserpere
1126 3143 1253 3200 corpora
1277 3123 1370 3199 prima.

223 3244 256 3283 v.
273 3223 352 3283 301:
370 3243 425 3282 neo
440 3243 528 3281 voces
544 3239 665 3279 cernere
679 3241 807 3281 snemas.
832 3218 881 3297 II,
892 3223 971 3282 448:
988 3225 1067 3283 ictus
1082 3226 1270 3282 condemnere
1283 3222 1371 3280 sacta.

224 3345 257 3384 v.
275 3324 353 3385 903:
372 3347 407 3384 ex
422 3327 489 3384 aliis
503 3319 618 3382 sentire
631 3321 736 3383 saites.
768 3322 830 3400 IV,
847 3324 927 3385 327:
948 3329 1084 3407 quinque
1105 3329 1199 3386 etiam
1214 3332 1268 3385 aut
1282 3347 1329 3384 sex
1342 3327 1372 3379 ut

217 3425 294 3509 fieri
309 3430 468 3487 simulacra
482 3424 610 3486 snirint.
642 3445 673 3485 v.
691 3427 765 3487 369.
791 3425 834 3501 V,
852 3425 892 3487 53
909 3447 976 3506 sq.:
995 3425 1069 3486 dare
1084 3431 1167 3488 dicta
1181 3424 1278 3486 suerit
1292 3433 1372 3504 atque

226 3551 347 3590 omnem
361 3552 460 3588 rerum
476 3533 615 3589 naturam
624 3527 764 3605 peredere
779 3533 878 3590 dietis.
909 3551 941 3590 v.
958 3530 1032 3589 912.
1064 3527 1126 3604 vl,
1146 3529 1224 3591 793:
1247 3549 1372 3610 spumam

225 3639 262 3692 ut
282 3635 334 3710 qui
354 3633 460 3690 morbo
479 3629 598 3690 mittere
618 3627 727 3689 snes’it.
760 3651 791 3690 v.
809 3633 872 3691 954
893 3639 1050 3710 penetrare
1070 3635 1180 3696 suerit.
1211 3629 1280 3707 III,
1301 3629 1370 3692 483:

226 3735 407 3795 conturbare
428 3766 459 3774 -
480 3736 645 3794 consuevit.
677 3729 738 3808 IV,
757 3731 816 3792 711
834 3741 1012 3794 consuetum
1033 3769 1062 3776 —
1085 3756 1200 3795 vocare.
1230 3732 1293 3808 IV,
1304 3732 1371 3793 985:

227 3839 337 3917 quibus
358 3839 391 3895 in
411 3836 500 3894 rebus
520 3838 703 3894 consererent
723 3855 785 3894 esse
804 3833 934 3914 operati.
958 3839 1022 3895 ete.
1055 3856 1086 3895 v.
1104 3835 1206 3896 lere:
1223 3840 1315 3916 idque
1329 3855 1373 3895 suo

227 3961 315 3999 eausa
339 3937 522 3996 consererent
545 3943 645 3998 scorta
669 3937 790 3997 moereri.
826 3935 868 4011 V,
892 3939 953 3998 189
976 3957 1025 4017 sq.
1053 3942 1298 4020 ponderibusque
1322 3941 1372 3998 suis

227 4043 410 4101 corrsuernnt
431 4039 550 4099 oonoita
558 4036 647 4116 ferri
666 4043 906 4119 omnimodisque
926 4038 1007 4099 coire
1027 4047 1119 4120 atque
1140 4045 1242 4102 omnia
1251 4045 1371 4118 perten-

220 4149 327 4222 ptare,
356 4167 387 4192 =
413 4161 444 4200 v.
466 4141 531 4202 424
550 4158 600 4219 sq.
622 4141 683 4201 208
700 4163 768 4222 sq.:
791 4147 822 4203 ni
842 4146 887 4202 vis
908 4146 1040 4202 humana
1059 4148 1182 4204 resistat
1201 4148 1277 4204 vitai
1297 4164 1371 4204 causa

226 4249 329 4306 valido
357 4248 499 4302 emerem
529 4245 648 4304 bidenti
679 4241 825 4321 irrpemere
854 4251 886 4304 et
914 4251 1025 4305 terram
1055 4250 1163 4325 pressis
1186 4245 1370 4324 proscindere

227 4352 343 4409 aratris.
376 4367 406 4406 v.
426 4346 484 4406 661
509 4349 658 4408 confluere
684 4382 713 4388 —
739 4355 930 4408 consuerunt.
966 4369 997 4406 v.
1018 4347 1092 4408 702:
1114 4352 1368 4407 consaerrcntcan-
