2932 4966
560 389 632 445 uuo,
657 387 776 446 vsqou.
1183 367 1241 430 169

76 557 132 616 999
149 577 202 636 sq.
224 583 291 622 non
315 593 345 604 -α
367 583 430 620 nee.
456 557 702 635 V1,40n0n,-
724 581 788 620 neo.
815 578 844 617 ν.
861 557 936 620 107:
954 560 1115 638 nequirent
1137 591 1165 600 --
1188 581 1242 620 neo

74 653 137 736 (ubi
161 665 302 736 possent
331 680 372 720 ex
395 657 555 742 nequirent
582 655 616 720 in
641 657 745 720 altero
772 656 915 720 membro
941 661 994 719 est
1018 655 1239 738 elioiendum).

73 779 102 818 v.
121 761 203 820 222:
223 767 310 842 ignis
322 765 408 825 enim
423 770 496 824 sunt
511 766 584 824 haee
599 781 660 822 eoa
678 767 759 824 venti
777 749 973 844 signateque
988 764 1102 823 imbris.
1133 781 1164 822 v.
1179 762 1238 824 947

72 881 117 942 sq.
137 867 231 926 nulla
254 901 287 910 -
307 888 373 928 nee.

155 965 193 1045 h)
219 965 290 1028 Nee
311 971 345 1028 et
364 985 459 1050 oeque
480 965 514 1028 in
533 965 753 1029 disiunctione
775 965 826 1028 bis
842 970 900 1027 aut
916 963 1044 1046 saepius
1060 969 1239 1046 ponuntur.

70 1063 96 1141 I,
112 1069 154 1129 41
175 1089 253 1149 sq.:
277 1093 348 1132 nam
368 1089 464 1151 oeque
484 1094 538 1132 nos
560 1093 648 1150 egere
670 1074 727 1132 hoo
742 1074 850 1151 patriai
866 1079 1002 1150 tempore
1017 1073 1122 1148 iniquo
1138 1091 1241 1149 possu-

68 1193 134 1232 mus
157 1195 263 1253 aequo
285 1178 387 1236 animo
409 1191 462 1234 nee
482 1178 608 1236 Memmi
629 1177 709 1236 olera
728 1195 862 1254 propago
882 1176 994 1234 talibus
1010 1176 1041 1233 in
1057 1175 1146 1233 rebus
1161 1193 1241 1232 eom·

68 1279 154 1334 muni
172 1279 267 1338 desse
283 1279 386 1338 saluti.
419 1295 449 1336 v.
469 1276 525 1336 68:
550 1299 640 1355 quem
661 1292 756 1357 neque
776 1280 846 1336 fana
867 1279 956 1336 deum
977 1293 1030 1334 eeu
1045 1277 1172 1336 fulmina
1186 1291 1241 1332 eree
1297 1295 1300 1303 ·

68 1378 237 1440 minitanti
258 1401 412 1440 murmure
432 1382 610 1460 compressit
629 1382 755 1440 eaelum.
785 1398 816 1438 v.
836 1378 912 1439 122:
936 1399 996 1458 quo
1016 1395 1110 1457 oeque
1125 1397 1240 1457 perma-

68 1487 164 1540 neant
190 1485 315 1542 animae
339 1501 434 1562 oeque
458 1503 582 1562 corpora
607 1487 717 1542 nostra.
754 1500 792 1540 v.-
808 1478 869 1541 807
893 1499 960 1559 sq.:
987 1501 1084 1560 neque
1114 1515 1144 1522 —
1174 1502 1239 1542 neo.

68 1582 431 1663 v.528-530:110que
452 1619 482 1628 -
504 1605 558 1644 neo
579 1617 610 1628 -
631 1605 695 1645 neo.
726 1604 759 1644 v.
777 1582 961 1644 ote-535:
979 1601 1188 1664 oeque-nee
1204 1617 1234 1626 —-

69 1701 122 1740 aee
143 1718 177 1728 -
203 1704 260 1746 eree
275 1707 381 1766 capere
397 1707 532 1748 umorem
547 1705 643 1768 oeque
662 1690 736 1748 item
757 1688 906 1748 manabile
922 1690 1018 1766 frigus
1032 1704 1087 1745 nee
1102 1693 1239 1766 penetra·

69 1787 128 1846 lem
153 1790 275 1866 ignem.
310 1807 342 1848 v.
367 1789 428 1850 613
453 1781 551 1869 ireque
576 1825 616 1834 -
641 1811 748 1869 neque.
779 1786 827 1864 II,
848 1790 889 1850 49
906 1807 995 1869 sqq.:
1021 1807 1075 1848 nee
1098 1795 1240 1850 metuunt

69 1890 194 1950 sonitus
219 1911 372 1952 armorum
395 1908 451 1949 nee
474 1893 536 1950 sera
559 1893 635 1962 tela,
659 1893 861 1972 audacterque
949 1898 1121 1965 versantur,
1146 1909 1240 1971 oeque

69 1987 227 2066 fulgorem
252 1997 429 2052 reverentur
452 1994 490 2051 ab
514 2013 586 2051 auro
610 2009 664 2050 nee
687 1994 800 2052 olerum
825 1995 916 2053 vestis
940 1994 1131 2071 splendorem
1156 1993 1237 2050 oett.

71 2105 101 2146 v.
120 2089 187 2150 296
206 2113 304 2172 neque
325 2128 357 2136 -
377 2115 485 2172 neque,
501 2089 582 2152 item
597 2114 629 2154 v.
648 2093 710 2155 804
727 2113 775 2173 sq.
794 2094 873 2161 651:
897 2111 951 2152 nee
972 2096 1048 2156 bene
1068 2097 1237 2174 promeritis

73 2195 198 2271 eapitur
217 2213 314 2276 oeque
336 2198 475 2273 tangitur
493 2199 547 2270 ira,
572 2215 604 2254 v.
622 2192 760 2256 Laohm.
782 2193 849 2271 III,
873 2197 911 2258 19
929 2215 1020 2275 sqq.:
1047 2219 1121 2275 quas
1144 2214 1239 2277 oeque

72 2301 259 2360 concutiunt
275 2301 360 2359 venti
375 2317 429 2358 eree
445 2301 550 2360 nubila
565 2301 675 2360 nimbis
690 2305 958 2380 aspergunteeqee
968 2301 1018 2359 nix
1028 2301 1089 2359 aeri
1099 2305 1239 2360 conereta

73 2401 186 2474 pruina
210 2422 285 2462 cana
309 2403 417 2462 radens
440 2405 535 2462 violet
559 2419 733 2482 semperque
755 2403 912 2462 innubilus
935 2405 1040 2461 aether
1060 2405 1182 2480 integit,
1207 2409 1239 2462 et

73 2500 158 2578 large
180 2505 290 2564 diffirso
313 2505 427 2563 lumine
448 2505 559 2564 rident.
591 2522 621 2562 v.
643 2501 704 2564 467
729 2524 826 2582 neque
851 2535 881 2544 —
907 2524 972 2563 nso.
1004 2522 1032 2562 v.
1052 2501 1113 2563 631
1131 2523 1180 2582 sq.
1206 2510 1238 2564 at

74 2619 172 2683 oeque
192 2627 309 2666 sorsum
332 2609 411 2666 oouli
432 2623 526 2686 aeque
542 2627 627 2666 nares
644 2624 697 2664 nee
712 2627 818 2666 manus
834 2608 899 2684 ipse
914 2627 977 2666 esse
992 2612 1095 2685 potest
1110 2609 1236 2681 animae,

73 2721 172 2785 oeque
194 2729 308 2768 sorsum
332 2710 437 2786 lingua
457 2725 552 2788 oeque
571 2731 665 2768 aures.
698 2727 729 2768 v.
747 2707 808 2768 686
825 2728 874 2787 sq.
896 2731 994 2788 neque
1019 2743 1051 2752 —
1071 2731 1135 2782 neo,
1156 2705 1237 2768 item

75 2824 105 2864 v.
134 2809 318 2870 688-695.
358 2798 421 2883 IV,
449 2808 546 2870 1217:
579 2817 610 2870 et
637 2827 731 2891 aeque
754 2817 856 2871 utrum
880 2813 1034 2891 superavit
1057 2833 1160 2872 eorum
1183 2830 1237 2870 oeo

74 2919 292 2989 superatumst.
324 2910 365 2987 V,
383 2913 423 2973 36
446 2935 541 2992 neque
569 2947 598 2956 -—
625 2934 689 2974 nee.
720 2933 753 2972 v.
769 2912 832 2973 419
850 2916 884 2972 et
899 2913 978 2973 491ι
1001 2935 1098 2994 neque
1119 2947 1150 2957 —
1171 2935 1235 2975 neo.

75 3029 105 3068 v·
124 3014 189 3075 438
201 3034 290 3094 sqq.:
308 3018 370 3075 Hie
385 3033 480 3096 oeque
495 3021 562 3076 tum
578 3018 649 3076 solis
665 3021 731 3076 rota
747 3019 828 3076 eerni
843 3019 959 3078 lumine
975 3019 1059 3096 largo
1075 3020 1236 3080 altivolans

75 3123 198 3192 poterat
216 3135 272 3176 neo
293 3121 396 3196 magni
416 3121 514 3178 sidera
533 3120 640 3178 mundi
661 3135 715 3176 nee
736 3139 817 3179 mare
832 3137 887 3178 nee
903 3123 1019 3180 eaelum
1034 3138 1089 3178 eeo
1105 3121 1235 3199 denique

76 3221 159 3280 terra
173 3237 268 3300 neque
285 3226 336 3280 abr
352 3238 406 3278 oee
421 3223 527 3280 similis
544 3223 654 3280 nostris
669 3223 758 3282 rebus
774 3243 820 3282 res
836 3224 900 3282 ulla
915 3225 1019 3284 videri.
1051 3242 1082 3281 v.
1098 3220 1163 3282 473
1183 3241 1232 3301 sq.

76 3341 175 3400 neque
195 3356 227 3364 —
249 3344 313 3396 nee,
329 3319 409 3380 item
425 3340 457 3380 v.
474 3318 538 3382 474
551 3341 600 3400 sq.
618 3320 680 3382 493
692 3341 741 3400 sq.
761 3322 821 3384 793
838 3344 887 3403 sq.
906 3324 967 3384 818
984 3343 1052 3403 sq.:
1070 3331 1102 3385 at
1117 3326 1235 3386 novitas

77 3427 184 3484 mundi
203 3442 258 3484 uec
280 3427 392 3502 frigore
407 3427 483 3484 dura
498 3427 596 3485 ciebat
611 3443 666 3484 nee
681 3427 790 3486 nimios
805 3433 904 3486 aestus
920 3445 974 3486 nee
989 3430 1106 3505 magnis
1121 3429 1235 3488 viribus

76 3545 172 3587 auras.
203 3546 235 3585 v.
254 3526 315 3586 843
332 3546 381 3605 sq.
405 3548 460 3588 neo
484 3561 517 3571 -
541 3548 597 3587 neo
622 3561 652 3570 -
680 3551 734 3590 neo
759 3563 789 3571 —
815 3550 879 3589 nee.
911 3549 941 3588 v.
959 3528 1019 3589 871
1042 3552 1097 3590 neo
1117 3566 1149 3574 —
1169 3552 1233 3592 nee.

77 3645 108 3686 v.
126 3627 189 3690 878
211 3651 309 3709 neque
331 3664 372 3674 -
393 3651 457 3690 nee.
491 3649 522 3689 v.
541 3630 602 3690 895
620 3649 691 3711 sqq.
714 3653 811 3712 neque
831 3666 862 3674 -
883 3654 989 3693 nee-
1010 3655 1108 3714 neque
1123 3667 1163 3678 -·-
1179 3655 1235 3694 neo

82 3765 113 3774 —
142 3753 197 3792 neo
226 3765 258 3776 -
286 3753 394 3811 neque.
424 3752 456 3791 v.
475 3731 548 3793 953.
570 3732 631 3793 958
649 3753 697 3812 sq.
721 3734 802 3796 1020
826 3753 881 3794 nee
904 3739 1021 3799 laedere
1045 3755 1099 3797 neo
1118 3739 1233 3797 violari.

80 3828 141 3907 VI,
159 3833 220 3894 708
237 3852 309 3913 sqq.
326 3855 396 3896 narn
411 3852 506 3914 oeque
521 3857 589 3895 eum
608 3839 686 3896 ferro
702 3854 756 3895 eeo
770 3840 881 3916 frigore
897 3841 1015 3901 vincere
1031 3843 1125 3921 possis
1140 3843 1233 3900 inter-

78 3936 145 3996 iisse
160 3955 256 4016 oeque
271 3957 289 3996 a
303 3939 408 3997 morbo
424 3955 519 4018 oeque
532 3941 745 4000 sorteveneno.
771 3936 824 3998 Sie
835 3936 915 4000 Itali
924 3962 982 4022 pro
999 3963 1067 4001 eom
1083 3961 1139 4023 que
1155 3961 1230 4002 eum.

79 4056 109 4097 v.
122 4038 204 4099 1919
220 4057 287 4118 sq.:
305 4058 359 4098 nee
376 4043 475 4098 tameo
491 4043 613 4101 omnino
629 4047 742 4102 temere
757 4045 818 4104 illis
833 4046 946 4105 solibus
962 4047 1026 4105 ulla
1041 4049 1233 4126 comparebat

80 4144 148 4215 svis,
165 4159 219 4200 eeo
234 4144 334 4202 tristia
349 4146 446 4202 saecla
461 4146 590 4204 ferarum
604 4147 744 4206 exeibant
753 4149 846 4208 silvis.
871 4143 924 4206 Sio
934 4142 1115 4209 Brixiensis
1126 4145 1233 4211 editor

80 4262 134 4322 pro
151 4240 252 4304 nertio
268 4241 351 4304 eaeel
373 4289 380 4304 .

163 4347 193 4408 9.
224 4343 456 4408 t’oee'oeete'ooee
472 4346 674 4428 copulativae.
