2932 4966
426 357 711 408 couruuorrouns
736 341 1009 407 concurrerimus.
1042 365 1081 406 sr.
1279 345 1340 405 195

321 518 590 595 coniunctiones
606 532 838 596 conditionales.
872 554 899 594 a.
920 531 965 594 37.
999 531 1223 594 Conditionali
1240 553 1341 596 enun-

356 645 375 684 3
394 634 603 698 enunciaeio
621 633 853 698 conditionalis
864 634 1040 697 subiuncta
1051 641 1103 696 est
1117 634 1146 711 1,
1160 637 1339 699 068-970.

404 730 518 800 riatio
535 745 634 822 ipsum
650 738 678 800 37
693 745 855 821 quicquum
870 745 901 802 in
918 764 948 802 se
964 744 1069 802 sistere
1085 744 1181 801 credis
1197 744 1274 820 apta
1291 745 1343 801 est

437 835 598 919 Υ737017771,
625 840 680 924 qui
704 848 873 925 comparat
896 841 956 918 IV,
981 843 1059 904 36οι
1086 847 1201 905 Umbra
1222 847 1343 904 videtur

458 1003 463 1012 .
501 950 614 1008 moveri
631 952 661 1007 et
677 951 805 1026 vestigia
818 953 921 1008 nostre
930 950 1015 1026 sequi
1024 953 1204 1026 gestumque
1214 949 1341 1018 imitari3

535 1057 601 1112 tum
625 1052 739 1110 lumine
764 1071 850 1130 posse
873 1052 1035 1128 indugredi
1060 1056 1160 1109 motus
1185 1051 1342 1110 hominum

601 1149 668 1226 HI,
692 1153 769 1213 01οι
793 1150 821 1212 37
841 1155 935 1232 possit
955 1155 1181 1230 conglomerari.
1212 1171 1243 1210 v.
1262 1151 1339 1212 861:

603 1263 749 1316 ¹turumst
760 1251 817 1334 (siu
828 1251 965 1314 Lachm.
977 1251 1203 1336 pro-miserest).
1221 1274 1252 1314 V.
1266 1255 1339 1314 910:

631 1354 694 1432 lV,
712 1359 790 1420 514:
812 1379 976 1438 normaque
992 1354 1019 1416 37
1035 1360 1125 1417 fallax
1139 1361 1229 1418 rectis
1245 1360 1342 1436 regio·

682 1483 751 1522 nam
770 1458 797 1519 37
817 1464 911 1522 abest.
945 1481 977 1520 v.
998 1460 1096 1521 115οε
1114 1457 1247 1539 olquam
1263 1463 1341 1539 petis

710 1586 778 1624 nere
799 1568 857 1624 hoc
877 1567 1003 1642 longum
1024 1570 1070 1622 est
1085 1559 1112 1620 37
1128 1565 1225 1623 dicere
1242 1584 1339 1622 coner.

746 1689 862 1728 rnorem
886 1667 1050 1746 primordia
1074 1687 1149 1745 quae
1174 1668 1245 1725 sint.
1286 1661 1339 1724 Sic

778 1768 816 1830 77
833 1773 913 1830 Nam
929 1771 1075 1849 quamvis.
1099 1764 1141 1842 V,
1160 1768 1239 1828 881:
1258 1775 1341 1847 potc-

680 1897 732 1951 Lu·
748 1895 810 1932 esse
827 1876 956 1953 potissit.
989 1867 1043 1930 sio
1058 1867 1197 1930 Lachm.
1215 1890 1272 1951 pro
1289 1894 1342 1950 par

565 2001 599 2034 ,se
622 1978 752 2055 potissit.
784 1971 845 2048 VI,
864 1973 942 2036 375:
966 1997 1020 2036 nec
1041 1977 1189 2049 mirumst,
1210 1976 1241 2034 in
1265 1996 1298 2034 eo
1314 1971 1341 2032 37

414 2099 471 2138 ,nra
494 2081 572 2139 fiunt
596 2081 732 2140 fulmina.
767 2074 820 2138 sie
847 2081 1011 2138 corrector
1036 2073 1186 2156 quadrati
1208 2095 1266 2156 pro
1286 2099 1341 2137 nec

282 2207 313 2232 so
329 2199 364 2239 m
381 2203 432 2242 eos
446 2189 592 2260 tempore.

260 2268 294 2332 b.
323 2274 427 2357 37771,
445 2281 519 2343 037.
539 2281 610 2343 770.
643 2280 710 2358 ΠΙ,
731 2282 802 2344 717.
821 2283 881 2344 760
901 2279 1064 2342 Marullus
1080 2279 1130 2341 377
1144 2300 1203 2362 pro
1219 2279 1274 2341 377.

261 2393 291 2434 0·
318 2377 355 2442 37
371 2383 476 2458 770771,
496 2384 569 2446 176.
588 2384 660 2447 003.
679 2386 752 2448 300.
771 2387 844 2446 515.
872 2382 919 2460 II,
938 2387 989 2446 00.
1008 2386 1065 2446 40:
1084 2382 1111 2444 37
1126 2382 1354 2467 conforlc.„.'

175 2488 242 2534 eum
265 2483 372 2550 videas
389 2535 395 2548 .
414 2536 420 2548 .
437 2495 504 2548 tum
521 2536 527 2549 .
546 2536 552 2549 .
570 2493 730 2569 effugiunt.
763 2485 829 2563 III,
850 2487 922 2550 706.
941 2487 1019 2548 781:
1044 2491 1068 2548 si
1090 2511 1151 2549 non
1173 2492 1251 2549 forte
1274 2489 1338 2548 etc.

177 2589 208 2631 V·
225 2577 288 2641 906
314 2591 341 2650 si
362 2626 393 2634 —
414 2613 475 2651 non
496 2615 528 2642 =
549 2588 772 2652 etiamsinon.
804 2588 866 2666 IV,
885 2591 957 2652 500.
977 2591 1055 2650 81οε
1081 2588 1109 2650 37
1128 2610 1187 2650 aon
1203 2593 1340 2652 advertas

178 2681 322 2750 animum.
356 2714 387 2753 v.
412 2693 510 2754 107οι
535 2691 563 2752 37
586 2713 646 2752 77077
670 2699 767 2775 prima
790 2697 875 2754 novis
901 2696 1061 2754 conturbes
1086 2696 1208 2754 volnera
1232 2696 1338 2773 plagis.

179 2796 210 2840 V·
228 2785 328 2853 1199:
353 2819 408 2858 neo
423 2800 540 2857 ratione
556 2799 615 2857 alia
629 2800 766 2858 volucres
786 2831 817 2840 -
838 2800 969 2858 maribus
986 2800 1139 2857 subsidere
1155 2806 1291 2876 possunt,
1313 2795 1341 2856 37

180 2901 237 2946 77077
257 2895 333 2974 ipsa,
359 2902 441 2980 quod
461 2902 583 2960 illorum
602 2902 700 2975 subet,
726 2902 811 2960 ardet
831 2901 986 2965 abundans
1007 2906 1122 2961 natura.
1153 2896 1195 2973 V,
1214 2899 1269 2959 38:
1296 2896 1341 2958 377

181 3003 239 3049 77077
260 3001 340 3063 vieta
361 3006 469 3063 forent.
501 3021 533 3060 v·
553 3002 625 3062 186.
645 3002 717 3062 010.
737 3003 835 3063 1046:
862 3001 890 3062 37
913 3021 973 3062 77077
998 3006 1050 3064 alii
1074 3025 1194 3082 quoque
1214 3004 1338 3062 vocibus

182 3096 227 3154 usi
243 3100 325 3165 inter
339 3128 369 3166 se
386 3109 514 3165 fueraut.
541 3100 602 3178 VI,
616 3104 688 3165 068.
708 3106 783 3166 3017
802 3109 884 3186 prius
900 3110 932 3167 iu
948 3129 1037 3167 cursu
1051 3102 1079 3164 37
1093 3124 1153 3164 77077
1164 3107 1338 3166 accenditur

182 3195 253 3273 igni.
285 3203 338 3266 870
355 3203 435 3266 Itali
450 3225 508 3287 pro
525 3204 558 3265 777
574 3224 680 3265 careus
696 3227 765 3268 77077.

265 3305 296 3369 d.
321 3306 510 3383 7117371039
528 3305 589 3368 77737
605 3315 744 3371 materies
759 3319 881 3371 aeterna
889 3315 1017 3370 teneret.
1039 3329 1071 3368 V.
1085 3309 1160 3370 06οε
1179 3332 1234 3398 nec
1244 3312 1338 3370 ullam

183 3422 241 3466 rem
257 3415 341 3491 gigni
357 3414 482 3492 patitur,
498 3409 560 3470 77737
575 3420 673 3473 morte
689 3416 793 3474 adiuta
808 3417 914 3474 aliena.
939 3431 971 3472 v.
990 3411 1053 3472 300
1067 3418 1192 3491 tangere
1211 3416 1291 3473 enim
1308 3418 1339 3472 et

182 3509 273 3590 tongi,
289 3511 351 3573 77737
368 3537 484 3594 corpus,
500 3517 585 3575 nullu
600 3522 702 3594 potest
717 3538 772 3576 res.
804 3535 834 3574 v.
854 3515 927 3575 615.
947 3514 1023 3574 690:
1046 3537 1144 3595 neque
1167 3519 1258 3576 ullam
1274 3530 1337 3576 rem

188 3642 216 3652 -
236 3623 371 3678 constare
386 3613 449 3675 77707
464 3619 575 3694 ignem.
605 3636 638 3676 V.
657 3618 729 3677 805.
748 3617 821 3678 809.
851 3614 1086 3692 11,389.936;
1105 3623 1337 3698 necquicquam

183 3721 355 3779 commutari
378 3714 439 3777 77737
461 3722 664 3780 conciliatum.
696 3715 750 3778 Sic
775 3715 984 3779 scribendum
1007 3732 1080 3779 cum
1103 3717 1262 3780 Goebelio
1280 3740 1334 3799 qu.

183 3809 275 3880 Lucu.
295 3841 329 3901 p.
348 3821 399 3881 15.
432 3816 499 3896 III,
517 3821 593 3882 950:
618 3825 691 3901 quid
713 3826 942 3902 respondemus,
964 3819 1026 3882 77737
1045 3827 1156 3885 iustam
1179 3826 1336 3885 intendere

184 3919 263 3984 litem
288 3931 436 3983 naturam.
468 3919 515 3981 sie
531 3920 694 3983 Marullus
719 3943 777 4005 pro
803 3922 840 3984 37.
874 3943 970 4006 supra
992 3947 1022 3984 v.
1047 3924 1106 3986 771
1128 3922 1293 4005 oblongus
1310 3931 1335 3988 si

183 4027 234 4085 erit
250 4045 369 4085 consors
385 4044 443 4106 pro
461 4021 532 4085 77737.
566 4022 626 4101 IV,
646 4027 718 4086 036.
737 4027 810 4088 800.
830 4026 922 4087 1005.
956 4024 997 4103 11,
1015 4027 1067 4088 03.
1087 4026 1159 4088 076.
1179 4027 1255 4090 349:
1280 4051 1335 4090 nec

182 4131 293 4188 ratione
309 4131 368 4188 alia
382 4130 524 4188 mortales
540 4151 603 4190 esse
619 4131 765 4205 videmur,
786 4133 866 4192 inter
886 4154 941 4191 nos
960 4127 1023 4189 77737
1038 4133 1120 4211 quod
1136 4178 1143 4192 .
1161 4178 1167 4192 .
1186 4179 1192 4192 .
1210 4179 1216 4193 .
1234 4155 1335 4212 aegre·
1404 4195 1407 4199 ,

181 4232 295 4290 scimus.
326 4249 358 4288 v.
377 4230 449 4289 550.
468 4230 545 4291 56οε
569 4234 641 4311 quid
663 4235 743 4312 potis
764 4237 809 4293 est
824 4229 886 4293 77737
900 4237 945 4293 vis
962 4236 1063 4297 animi.
1094 4253 1125 4293 v.
1145 4234 1239 4296 1007.
1271 4232 1332 4310 VI,

181 4329 228 4392 68.
255 4333 327 4392 060.
356 4332 510 4422 9017071
540 4357 602 4396 esse
632 4337 664 4398 in
694 4341 838 4416 promptu
867 4332 929 4394 77737
952 4339 1082 4396 mixtum
1107 4358 1214 4420 corpus
1238 4341 1331 4402 inani.

1066 4436 1117 4490 13*
