2886 4998
417 389 616 435 rurrurmvus
640 391 747 435 sunsr.
772 391 929 436 vnnsnnn.
1188 375 1250 438 123

80 555 188 619 debet
212 559 334 622 eodem
353 558 466 624 nativo
488 583 524 624 66
545 559 678 624 mortali
699 581 832 644 corpore
850 559 1029 624 consistere
1044 561 1176 645 putari).
1208 563 1250 640 V,

78 661 143 722 313
172 661 222 724 ad
250 685 310 725 non
335 683 422 726 rnere
446 685 486 727 ex
511 687 542 727 v.
565 667 625 728 311
652 663 785 725 nirlernne
808 662 1023 746 repetendum
1049 671 1111 727 est.
1143 665 1172 742 I,
1190 667 1251 729 669

78 768 202 825 autem
220 765 332 828 habere
347 765 477 848 utrique
493 767 640 830 membro
658 765 897 829 enunciationis
914 787 1086 830 commune
1102 775 1165 830 est.
1197 769 1249 830 Ib.

77 885 110 925 v.
132 867 202 929 697
225 867 265 930 sd
282 874 381 930 cetera
397 891 457 932 nen
474 869 571 932 credit
587 891 628 932 ex
643 891 741 932 versu
756 867 921 953 superiore
938 874 1048 932 mente
1064 868 1252 934 addendum

79 972 134 1028 est
150 989 346 1049 cognoscere.
1053 980 1056 992 '

579 1165 652 1243 Cap.
676 1165 763 1223 VIH.

526 1329 580 1394 De
596 1328 818 1394 infinitivo·

176 1507 210 1546 a.
232 1483 411 1570 Infinitiens
426 1491 523 1547 toenrn
538 1485 668 1547 inclinet
682 1483 867 1547 substantivi
883 1484 1025 1547 cerialia.
1053 1484 1250 1549 Adscribam

79 1582 234 1666 primurn
244 1587 493 1651 adnotationem
505 1586 709 1651 Lachmanni
719 1586 760 1650 ad
769 1586 832 1665 IV,
846 1589 919 1665 245,
937 1587 994 1651 ubi
1003 1588 1105 1671 vulgo
1115 1587 1250 1671 legitur:

80 1691 194 1770 imago
211 1697 303 1755 6111616
317 1699 354 1754 66
368 1695 523 1756 videamus
540 1698 571 1754 et
585 1696 788 1755 internoscere
805 1699 898 1754 curet.
924 1689 1120 1767 „Infinitive
1131 1692 1252 1755 Lucre·

81 1787 155 1852 tius
173 1813 270 1875 saepe
287 1792 394 1855 utitur
408 1780 467 1877 666
483 1815 560 1856 6666
574 1800 666 1856 recto
677 1791 888 1855 substantivi.
907 1791 940 1854 16
950 1792 1011 1870 IV,
1025 1795 1084 1858 765
1095 1802 1255 1860 Praeterea

83 1895 260 1958 meminisse
283 1902 362 1960 iacet
386 1903 570 1979 languetque
594 1921 710 1979 sopore.
740 1918 773 1958 v.
796 1898 857 1959 836
882 1903 947 1960 Nee
972 1901 1031 1960 l'uit
1055 1909 1126 1962 6666
1151 1898 1253 1961 nidere

84 2003 247 2062 oculorum
264 1999 380 2062 hemina
397 2009 512 2078 natum,
532 2005 598 2063 Nec
621 2005 710 2062 dictis
729 2019 817 2060 orare
835 2005 917 2081 prius
940 2024 1030 2082 quam
1051 2007 1155 2082 lingua
1174 2027 1253 2066 crea·

86 2105 163 2163 tast.
185 2125 215 2163 v.
228 2103 290 2164 843
306 2109 349 2165 At
364 2111 469 2166 contre
483 2102 622 2188 conferre
637 2127 728 2166 manu
744 2106 909 2166 certamine
924 2125 1043 2184 pugnae
1059 2110 1102 2165 Et
1117 2105 1253 2166 incerere

86 2211 175 2267 artus
188 2205 383 2288 foedereque
407 2210 542 2268 membre
566 2229 669 2268 cruore
694 2213 775 2268 Ante
800 2210 860 2267 suit
882 2211 990 2284 multo,
1014 2204 1073 2268 ubi
1097 2209 1254 2268 secuntur

88 2303 222 2370 similia.
254 2307 289 2369 in
305 2306 348 2384 V,
366 2309 427 2371 979
444 2314 516 2371 Non
533 2317 597 2372 erat
611 2317 647 2370 ut
662 2313 726 2371 fieri
742 2318 844 2391 posset
859 2307 1001 2370 mirarier
1017 2333 1171 2391 umquem,
1187 2314 1218 2372 N
1220 2333 1252 2372 ec

92 2407 247 2493 diffidere.
279 2433 311 2472 v.
333 2412 416 2474 1118
438 2416 572 2475 Divitiae
592 2417 720 2493 grandes
742 2416 858 2474 homini
879 2410 1071 2474 enutrivere
1093 2437 1189 2494 perce.
1220 2410 1254 2473 in

92 2508 163 2590 III,
180 2513 219 2576 67
243 2519 353 2596 Turpis
374 2518 455 2577 enim
475 2520 536 2578 sere
556 2523 749 2597 contemptus
770 2523 801 2577 et
820 2519 895 2577 acris
917 2525 1034 2596 egestas
1055 2552 1097 2561 —-
1112 2521 1256 2578 videntur

99 2649 132 2659 —
147 2621 231 2697 quasi
247 2621 307 2678 iem
321 2622 375 2679 leti
386 2625 488 2699 portas
498 2616 671 2680 cnneinrier
681 2626 760 2680 6666.
786 2616 841 2701 [66
853 2638 884 2698 q.
897 2617 920 2677 l.
932 2616 1069 2679 Lachm.
1082 2616 1255 2678 cnnctnrier

94 2737 153 2799 pro
175 2717 385 2782 substantivo
408 2717 575 2782 cunctatio
597 2718 743 2802 positum
762 2739 834 2782 esse
857 2717 966 2802 dicit].
998 2718 1032 2781 in
1048 2719 1089 2796 V,
1108 2721 1189 2783 1997
1213 2726 1255 2783 Et

96 2827 176 2902 prius
198 2833 245 2884 666
266 2830 415 2885 armatum
434 2828 467 2885 in
489 2827 558 2904 equi
580 2823 776 2884 conscendere
796 2831 892 2885 666666
912 2828 955 2884 Et
975 2821 1158 2884 moderarier
1174 2829 1255 2886 hunc

96 2929 186 2988 frenis
209 2930 374 3007 dextraque
395 2924 506 3005 cinere,
530 2931 626 3002 Quam
647 2929 752 3006 biiugo
771 2949 859 2987 curru
875 2930 946 2988 belli
964 2930 1110 3005 temptare
1128 2931 1254 3010 pericle:

96 3031 138 3090 Et
156 3033 278 3109 biiugos
298 3034 380 3110 prius
400 3037 446 3090 est
468 3051 558 3109 quem
577 3031 624 3090 bis
644 3026 824 3106 6661666666
839 3033 926 3091 61666
941 3034 985 3090 Et
1000 3053 1090 3110 quam
1106 3033 1255 3092 falciferos

98 3138 245 3193 armatum
261 3130 418 3192 escendere
434 3153 546 3194 currus.
570 3128 627 3191 sed
642 3127 825 3192 infinitivus
838 3129 895 3192 ubi
910 3152 968 3213 pro
986 3129 1174 3192 accusativo
1192 3137 1253 3206 est,

98 3230 197 3294 alium
219 3231 445 3294 accusativum
465 3232 528 3294 sibi
550 3230 742 3294 adiunctum
764 3231 880 3295 habet:
903 3253 1008 3314 neque
1025 3231 1078 3295 hic
1095 3238 1193 3314 66666
1208 3231 1256 3294 166

98 3333 179 3396 dixit
200 3340 239 3396 ut
257 3334 384 3398 Ennius
399 3343 464 3400 Aut
484 3361 604 3401 occasus
629 3340 682 3398 ubi
697 3345 853 3418 tempusve
870 3341 979 3398 audere
993 3341 1146 3418 repressit,
1169 3334 1256 3418 apud

98 3436 232 3502 Festum
247 3461 280 3522 p.
300 3440 371 3516 178,
391 3439 441 3516 17,
462 3439 520 3501 666
535 3437 646 3522 666166
662 3438 725 3500 hoe
741 3437 850 3500 modo.
882 3436 916 3499 in
933 3437 973 3514 V,
994 3439 1075 3500 1186
1090 3444 1174 3520 Ergo
1190 3463 1255 3522 per-

1 3537 2 3540 *
99 3547 213 3624 fugium
239 3547 297 3605 sibi
321 3547 474 3605 habebant
499 3541 598 3603 omnin
622 3544 699 3604 divis
716 3546 846 3604 Tradere
866 3549 897 3602 et
917 3544 1039 3602 illorum
1061 3550 1139 3604 nutu
1159 3547 1255 3605 fecere
1348 3555 1349 3558 ’

98 3645 196 3707 onnia
221 3650 312 3708 116661.
343 3643 376 3707 16
399 3643 466 3722 III,
485 3645 545 3706 239
568 3649 624 3707 Nil
643 3650 752 3707 horum
772 3649 914 3725 quoniam
935 3648 1044 3725 recipit
1064 3665 1147 3727 qnern
1170 3669 1255 3726 66666

99 3773 204 3812 creare.
235 3745 270 3809 16
285 3746 347 3823 VI,
364 3749 403 3810 69
420 3752 570 3829 longeque
585 3752 716 3810 remittis
733 3746 792 3806 Dis
807 3745 937 3825 indigna
952 3755 1069 3830 putare.
1100 3752 1134 3808 et
1149 3769 1180 3808 v.
1194 3747 1254 3808 711

98 3857 169 3916 item
184 3857 218 3914 in
226 3855 331 3914 multis
345 3851 399 3912 icc
408 3856 496 3914 rebus
506 3856 605 3914 dicere
615 3855 768 3913 habemus.
791 3846 886 3910 liuius
897 3847 1078 3912 accusativi
1088 3846 1256 3910 defectum

99 3953 129 4016 16
150 3975 249 4016 66666
270 3973 341 4016 6666
363 3959 456 4035 6666,
481 3974 537 4015 cur
557 3951 610 4015 hic
632 3973 746 4014 versus
767 3949 847 4012 mihi
863 3949 1035 4013 durissime
1052 3949 1255 4033 compositus

100 4077 167 4119 esse
193 4055 360 4119 videatur:
387 4055 493 4118 multo
516 4054 602 4118 enim
623 4053 754 4117 facilius
779 4052 897 4116 ferrem
920 4055 1010 4130 haec,
1037 4060 1138 4135 imago
1158 4060 1257 4136 spatie

98 4165 299 4224 internoscere
316 4170 410 4222 curat.
434 4165 611 4222 curantem
628 4156 735 4219 dicam
744 4156 936 4218 Lucretium
953 4155 1005 4218 hic
1023 4154 1170 4218 oratione
1186 4161 1255 4218 tam

100 4261 224 4324 1666166
249 4283 345 4322 usum
370 4281 453 4337 csse,
480 4282 553 4322 cum
578 4259 611 4322 in
636 4265 792 4343 promptu
816 4265 904 4322 esset
930 4257 1071 4322 scribere
1096 4263 1200 4321 1161616
1221 4267 1255 4320 66

101 4371 251 4428 videamus
267 4373 298 4428 et
313 4370 515 4428 internoscere
532 4367 678 4428 OOGI'P?
701 4361 785 4424 nihil
800 4359 949 4446 profecto
971 4361 1060 4424 aliud
1077 4359 1129 4423 hic
1146 4359 1255 4425 locum

1316 391 1329 452 l
