2932 4966
216 367 275 428 152
586 381 799 430 aomorrvuu.
832 381 903 430 car.
923 381 994 428 sur.

213 557 300 615 nobis
325 561 481 633 nequeunt
505 559 626 616 sentire.
661 575 691 616 v.
714 556 776 617 920
796 575 877 616 onena
897 563 928 618 et
950 575 1056 634 corpas
1077 554 1179 634 sopito
1200 561 1371 637 quiescunt.

213 655 255 732 V,
275 657 338 718 114
348 675 438 736 sqq:
456 679 494 720 ne
511 659 587 718 forte
604 662 694 720 rearis
710 662 808 720 terras
824 657 961 720 stactem
977 657 1153 728 stenelum,
1171 677 1252 720 more
1266 657 1371 718 sidero

213 758 318 820 lernam
338 795 370 804 —
390 761 499 821 debere
521 763 645 820 aeterna
668 783 797 824 manere.
827 781 859 821 v.
878 761 956 822 244:
975 783 1044 824 cum
1059 765 1178 824 videam
1194 757 1371 822 membrano

207 858 312 939 partia
327 865 502 940 cousumpta
521 865 649 942 regigni.
683 883 715 924 v.
734 863 811 925 248:
837 866 917 943 quod
938 866 1049 924 renam
1070 871 1162 944 atque
1178 860 1274 940 aaaron
1293 881 1370 920 mor-

213 960 294 1023 talia
308 967 423 1045 sumpsi
439 987 511 1026 esse.
537 985 568 1024 v.
585 964 648 1026 324
662 985 729 1045 sq.:
747 970 772 1028 si
788 970 872 1028 nulla
887 970 947 1028 fuit
962 968 1104 1047 genitalis
1120 967 1206 1044 origo
1222 968 1370 1024 terrarum

212 1073 243 1128 et
265 1063 345 1126 caela·
364 1089 541 1147 semperque
562 1069 687 1128 aeterua
709 1073 800 1131 fuere.
838 1089 870 1129 v.
894 1069 973 1130 868:
997 1090 1160 1149 pacemque
1181 1071 1297 1126 secula.
1331 1063 1367 1124 L.

211 1165 293 1244 „Sic
309 1187 385 1230 vere
396 1165 577 1230 Lambinus
592 1189 650 1251 pro
666 1174 799 1242 secutae,
817 1169 905 1252 quod
921 1191 980 1232 suc
997 1189 1086 1231 more
1102 1173 1240 1231 tuentur
1254 1165 1369 1228 Wake-

212 1268 331 1332 fieldus
348 1275 382 1331 et
398 1268 594 1352 Forbiger.“
624 1269 686 1346 VI,
705 1273 781 1334 9692
803 1281 836 1335 at
855 1270 938 1334 coria
955 1282 986 1335 et
1005 1291 1124 1332 comem
1140 1275 1242 1333 mollit
1258 1270 1369 1364 durata

212 1378 319 1435 calore.
345 1370 400 1433 Ad
415 1372 573 1434 remotius
591 1371 729 1435 duorum
745 1373 1030 1441 substantivorum
1044 1371 1187 1436 relatum
1204 1377 1256 1434 est
1266 1391 1369 1452 genus

212 1471 368 1536 adiectivi
384 1473 506 1551 11,829
522 1496 611 1556 sqq:
629 1485 665 1538 ut
680 1482 715 1538 fit
730 1481 781 1540 ubi
797 1482 829 1540 in
845 1501 950 1560 parvas
966 1481 1060 1560 partis
1079 1479 1262 1558 discerpitur
1277 1473 1368 1534 ocrea

207 1597 363 1656 purpura,
381 1582 602 1660 poeniceusque
619 1583 701 1642 color
710 1584 885 1642 clarissimu'
901 1584 1008 1656 multo,
1025 1583 1133 1641 filatim
1143 1601 1212 1640 cum
1223 1575 1369 1638 distracta

211 1685 268 1754 est,
289 1682 475 1760 dispergitur
494 1685 600 1744 omnis.
632 1679 675 1743 H.
698 1679 722 1742 l.
743 1679 845 1762 igitur
860 1702 951 1760 poen.
975 1681 1032 1744 col.
1056 1685 1134 1742 sunt
1155 1680 1202 1746 διὰ
1222 1681 1317 1762 μέσον.
1339 1699 1365 1738 v·

213 1779 350 1844 Lachm.

298 1881 410 1944 Genus
435 1887 588 1946 neutrum
613 1882 785 1960 adieceivi,
817 1889 850 1946 et
880 1882 913 1945 in
938 1884 1097 1967 singulari
1122 1891 1156 1948 et
1181 1884 1215 1947 in
1240 1882 1365 1968 plurali,

212 2007 308 2068 saepe
337 1984 472 2069 ponitur
500 2008 557 2069 pro
588 1985 798 2048 substantivo
824 1986 1004 2050 abstracto.
1045 1986 1098 2050 Sic
1123 1993 1255 2070 praeter
1280 1986 1366 2058 irenae

211 2087 332 2150 dicitur
357 2109 441 2150 omne
466 2088 513 2166 (τὸ
536 2093 608 2166 πᾶν)
634 2087 662 2164 Ι,
683 2091 780 2152 1001:
807 2109 890 2150 enarre
915 2094 1037 2170 quidem
1061 2114 1132 2153 vero
1157 2094 1202 2152 nil
1223 2099 1270 2152 est
1291 2093 1365 2170 quod

211 2197 305 2254 finias.
337 2212 369 2252 v.
389 2193 472 2254 1024
489 2215 543 2274 per
557 2211 654 2262 olnae,
671 2189 751 2252 irem
768 2191 816 2268 ιι,
834 2193 907 2254 547.
929 2195 1021 2255 rous.
1038 2176 1095 2268 ι’,
1114 2193 1194 2254 530:
1213 2197 1364 2275 asponae

211 2318 323 2370 causas,
339 2299 473 2356 motibus
489 2302 637 2356 astrorum
653 2317 729 2375 quae
745 2299 861 2376 possint
877 2319 940 2357 esse
954 2319 1007 2377 per
1017 2315 1112 2356 crare.
1140 2293 1194 2357 Sic
1207 2301 1364 2356 corrector

211 2395 363 2478 quadrati
379 2401 414 2458 et
429 2395 592 2458 Marullus
608 2416 666 2477 pro
676 2416 736 2474 per
751 2417 874 2457 omnem.
900 2395 928 2472 I,
947 2397 1024 2458 257:
1043 2403 1114 2460 hinc
1130 2403 1226 2460 fessae
1244 2401 1363 2479 pecudes

158 2519 159 2522 ’
205 2498 319 2578 picqcc'
334 2523 394 2581 ¹per
415 2503 527 2581 pabula
547 2504 628 2562 laeta
647 2522 771 2580 corpora
786 2504 953 2580 deponunt.
983 2498 1127 2574 11,893:
1147 2525 1209 2562 non
1226 2524 1262 2562 ex
1278 2503 1364 2562 omni-

211 2608 266 2664 bns
296 2637 325 2651 ‹-
356 2601 467 2663 reosile
491 2610 522 2664 et
546 2607 698 2683 extemplo
722 2626 770 2664 me
794 2606 879 2682 gigni
909 2607 1007 2664 dicere
1038 2626 1142 2664 sensus
1174 2599 1363 2685 (quadratus

210 2703 362 2785 sensilia).
400 2703 468 2778 III,
494 2705 571 2766 800:
600 2703 725 2764 mortale
749 2707 871 2765 celerem
895 2708 1019 2784 iungere
1044 2702 1103 2785 (sic
1123 2703 1289 2766 Marullus
1313 2724 1363 2786 pro

211 2806 390 2887 mortalem).
416 2804 479 2882 VI,
491 2806 570 2868 817¹:
588 2811 764 2888 expiratque
779 2811 857 2868 foras
873 2810 904 2867 in
920 2811 1057 2884 opertum
1073 2815 1277 2888 promptaque
1287 2811 1362 2868 caeli.

211 2907 267 2970 lta
283 2907 462 2989 quadratus
479 2913 513 2969 et
530 2908 685 2970 schedae:
708 2907 871 2989 oblongus
888 2914 922 2969 et
938 2906 1017 2969 olim
1032 2907 1185 2990 impressi
1200 2909 1234 2970 r'a
1251 2913 1362 2988 operta,

214 3009 381 3072 Antonius
398 3009 495 3072 Marii
511 3009 544 3071 io
560 3016 736 3094 opertoque.
762 3031 793 3072 v.
807 3011 890 3073 1164
906 3015 1037 3092 corporis
1052 3015 1085 3078 in
1099 3032 1224 3072 eamme.
1259 3010 1362 3072 Plura·

212 3111 253 3174 lis
278 3110 311 3173 in
336 3110 403 3172 his:
430 3111 478 3188 II,
495 3114 574 3176 313:
602 3117 698 3178 omnis
724 3117 804 3174 enim
828 3118 918 3193 longe
943 3118 1053 3176 nostris
1075 3116 1112 3175 ab
1132 3119 1272 3176 sensibus
1294 3119 1362 3176 infra

205 3215 375 3295 primorum
403 3225 511 3278 natura
534 3221 622 3278 iacet.
661 3237 693 3276 v.
720 3215 782 3277 342
807 3235 856 3294 sq.
883 3220 1061 3278 Parturiunt
1084 3240 1180 3296 genus
1205 3222 1361 3279 humanum

212 3327 374 3401 mutaeque
395 3327 535 3381 natantes
553 3316 772 3401 squamigerum
793 3320 937 3398 pecudes;
962 3315 996 3377 in
1021 3315 1140 3398 quibus
1165 3339 1281 3401 parum
1305 3316 1360 3378 ele·
1424 3381 1427 3386 ,

213 3425 331 3501 gauter
347 3419 476 3482 Nonius
494 3419 717 3504 Squama'perce,
738 3441 769 3480 v.
787 3418 924 3480 Lachm.
948 3440 978 3480 v.
997 3421 1074 3482 918:
1099 3425 1198 3502 adque
1220 3419 1359 3482 animalia

212 3527 275 3584 sint
298 3527 476 3586 mortalibus
501 3547 561 3585 una
584 3527 758 3605 eademque,
783 3522 816 3582 h.
839 3542 867 3583 e.
895 3527 929 3582 et
953 3541 1028 3582 cum
1047 3542 1099 3582 res
1119 3521 1285 3586 animatae
1305 3543 1359 3583 non

214 3623 368 3686 differant
398 3645 417 3684 a
446 3623 671 3706 mortalibus.¹
695 3622 756 3700 VI,
784 3625 860 3685 698:
892 3631 924 3685 et
954 3633 1111 3705 penetrare
1134 3631 1225 3688 maris
1251 3631 1358 3707 penitus

210 3731 352 3806 pereocta
368 3731 400 3790 in
415 3735 563 3808 apertum.
589 3724 642 3788 sie
652 3725 789 3789 Laohm.
801 3746 859 3808 pro
869 3730 944 3789 mari
958 3732 1079 3808 penitus
1094 3751 1141 3790 res
1157 3733 1241 3808 cogit
1257 3737 1356 3810 aperto.

694 4047 899 4066 sxsvvvvwwx
