2944 4968
197 331 237 400 lo
597 351 768 402 sussnlrr.
794 352 866 404 cnr.
891 349 941 403 ln.

197 546 321 606 corpore
336 531 442 589 :cocio
461 532 572 591 circum
588 533 654 591 insa
668 553 767 611 super.
791 551 822 590 v.
841 531 896 592 52:
921 533 1000 592 dona
1018 533 1077 592 tibi
1096 527 1198 592 studio
1218 531 1355 612 disposta

187 627 294 712 fideii.
317 649 348 690 v.
367 631 407 690 68
424 651 491 712 sq:
509 654 564 694 nec
578 630 739 694 minitanti
753 650 903 692 murmure
918 637 1097 714 compressit
1112 636 1237 696 caelum.
1261 653 1294 694 v.
1314 633 1354 696 74

198 742 290 814 atque
306 756 394 796 omne
410 738 589 796 immensum
606 739 777 816 peragravit
791 738 889 796 inmte
903 733 1073 817 animoquo.
1089 756 1122 796 u.
1134 736 1174 797 85
1191 742 1355 816 turparunt

197 834 357 915 sanquine.
383 857 413 896 v.
434 837 489 898 94:
508 841 589 917 quod
601 836 706 916 patrio
722 842 860 919 princeps
876 835 1008 898 donarat
1023 836 1142 900 nomiae
1157 860 1268 918 regem.
1298 833 1354 898 Sic

200 936 299 1000 etiam
315 936 358 1014 V,
376 940 476 1001 1095:
499 962 566 1001 cum
582 944 657 1002 caeli
672 938 798 1000 donavit
813 944 902 1022 plaga
917 959 1038 1020 :vapore
1071 938 1125 1002 Sic
1141 939 1278 1002 Lachm.
1295 959 1354 1021 pro

197 1039 330 1120 cruperis,
348 1038 477 1102 dicens:
494 1039 650 1118 „scilicet
666 1039 741 1104 illas
757 1040 878 1104 multas
893 1062 957 1104 res.
979 1041 1027 1103 ita
1042 1040 1076 1104 in
1091 1040 1139 1119 II,
1159 1043 1197 1106 73
1213 1046 1355 1124 augmine

198 1148 302 1220 donat,
319 1148 353 1204 et
369 1140 402 1204 in
419 1143 481 1204 hoc
498 1142 582 1206 libro
599 1146 682 1207 1215
700 1150 846 1208 divinitus
867 1155 989 1208 aeterna
1008 1150 1121 1208 donata
1140 1149 1247 1208 salute.
1278 1165 1354 1206 nam

198 1243 281 1307 coeli
295 1244 440 1328 plagam,
462 1243 495 1308 id
518 1253 569 1308 est
588 1246 725 1323 fulmen,
746 1245 934 1334 horninibus
950 1267 1087 1329 vapores
1104 1245 1224 1310 donare
1241 1247 1353 1308 absur-

198 1343 276 1408 dum
294 1352 385 1408 est.“
407 1346 436 1425 1,
454 1351 509 1412 95:
527 1353 647 1413 sublata
662 1356 760 1412 virum
775 1349 922 1412 manitus.
939 1372 970 1412 v.
989 1352 1045 1413 99:
1068 1355 1168 1414 hostia
1183 1353 1355 1414 concideret

197 1455 335 1512 mactatu
351 1460 466 1514 maesta
480 1458 622 1535 parentis.
647 1475 680 1516 v.
698 1453 775 1516 103:
794 1451 969 1536 terriloquis
984 1457 1082 1516 victus
1098 1452 1201 1515 dictio.
1226 1473 1257 1513 v,
1276 1453 1353 1514 106:

198 1559 396 1636 fortunasque
420 1563 487 1616 tuas
512 1561 609 1619 omnis
633 1561 755 1620 turbare
777 1554 893 1617 timore.
923 1577 954 1617 v.
977 1556 1053 1618 114:
1080 1561 1173 1618 morie
1194 1559 1353 1636 dirempta

197 1677 229 1717 v.
250 1657 327 1719 121:
345 1661 463 1720 Ennius
479 1657 612 1719 aeternio
630 1663 755 1740 exponit
774 1656 919 1719 casibus.
944 1679 977 1719 v.
995 1658 1073 1720 126:
1095 1683 1195 1722 rerum
1216 1665 1355 1720 naturam

198 1764 366 1842 expandere
388 1757 487 1822 dictio.
511 1782 543 1821 v.
570 1762 646 1823 143:
670 1759 762 1822 dictio
781 1759 888 1843 quibus
908 1771 940 1824 et
959 1781 1016 1844 quo
1038 1759 1171 1822 carmine
1191 1797 1222 1808 ·-
1244 1763 1355 1842 possim

198 1867 401 1946 praepandere
417 1867 532 1926 lumina
546 1869 651 1928 menti.
676 1863 718 1940 V,
737 1867 794 1926 54:
819 1887 938 1926 omnem
954 1885 1053 1926 rerum
1069 1871 1207 1926 naturam
1216 1861 1356 1944 pondere

199 1965 300 2028 (liciis.
332 1964 360 2042 Ι,
384 1966 460 2027 129:
485 1987 544 2049 qua
566 1965 597 2027 oi
617 1990 753 2048 quaeque
775 1975 927 2046 gerantur.
958 1964 1000 2042 V,
1020 1968 1097 2028 252:
1120 1966 1215 2027 milita
1236 1969 1357 2048 pulsata

198 2072 309 2149 pedum
330 2066 371 2128 oi.
397 2066 459 2146 VI,
481 2071 558 2131 320:
582 2093 616 2132 ea
637 2094 712 2151 quae
734 2073 823 2130 ionic
842 2067 874 2129 oi
894 2074 984 2132 missa
1003 2078 1169 2152 supernest.
1194 2067 1256 2144 VI,
1275 2069 1354 2130 541:

198 2175 318 2233 volvero
338 2168 370 2230 oi
389 2176 508 2234 fluctus.
536 2170 565 2248 I,
589 2173 665 2233 130:
691 2172 813 2233 ratione
831 2170 936 2251 capaci
961 2209 991 2216 -
1017 2176 1193 2234 videndum.
1227 2191 1257 2232 v.
1276 2171 1355 2232 133:

199 2271 297 2333 morbo
313 2277 440 2336 adiectis
456 2295 615 2355 somnoque
631 2279 769 2356 sepultis.
793 2296 823 2336 v.
843 2276 920 2339 137:
936 2269 1104 2337 ¹inlustrare
1121 2271 1246 2335 Latinis
1261 2271 1357 2333 :rarsi-

199 2375 263 2437 bns.
281 2397 313 2436 v.
326 2377 403 2438 138:
421 2375 719 2438 multaizooisvertis
734 2383 909 2460 praesertim
924 2382 1042 2440 comsit
1052 2380 1212 2458 agendum.
1231 2395 1261 2436 v.
1276 2376 1354 2437 145:

182 2505 184 2509 ·
198 2503 244 2540 res
261 2476 369 2560 quibus
385 2485 518 2542 occultas
539 2484 661 2562 penitus
681 2486 833 2544 convisere
850 2485 953 2563 possis.
978 2501 1008 2541 v.
1028 2481 1104 2542 155:
1123 2503 1156 2542 ac
1172 2481 1235 2540 fieri
1251 2475 1357 2538 diuino

197 2579 322 2642 crimine
345 2591 459 2645 rentur.
488 2604 519 2644 v.
545 2584 621 2645 169:
651 2582 813 2644 :caninibus
837 2588 907 2665 quia
931 2581 1021 2644 cerii:
1045 2605 1182 2664 quaeque
1206 2589 1356 2643 creantur.

198 2705 229 2744 v.
249 2686 326 2748 184:
349 2708 404 2747 nec
426 2710 514 2767 porro
536 2690 682 2765 augendis
701 2695 784 2748 retus
800 2685 900 2765 spatio
909 2683 1000 2768 sirici
1015 2705 1098 2745 usus.
1126 2685 1202 2746 219:
1221 2683 1309 2744 nulia
1325 2682 1358 2744 oi

188 2786 280 2870 soret
296 2808 368 2848 :ceca
385 2793 474 2850 enim.
498 2809 530 2848 v.
550 2789 626 2851 206:
645 2787 757 2849 semine
772 2793 892 2869 quando
909 2803 983 2866 opica
1004 2791 1047 2847 esi
1067 2790 1165 2863 rebus,
1188 2806 1245 2869 quo
1267 2808 1357 2867 quae·

200 2913 259 2970 que
275 2899 392 2953 creatae
408 2896 484 2969 airis
498 2896 530 2952 iu
540 2897 658 2954 teneras
669 2895 785 2972 possint
795 2894 1057 2972 proferrierauras.
1075 2887 1118 2966 V,
1131 2891 1207 2952 233:
1226 2893 1357 2970 denique

199 3017 260 3054 non
276 2991 370 3054 oemio
386 3013 460 3072 opus
476 2998 531 3066 cci,
549 3017 610 3056 non
626 2991 778 3054 inconibus
794 2991 880 3065 citis,
904 2992 956 3076 qui
975 3016 1029 3055 sua
1049 3001 1199 3054 tutentur.
1222 3014 1254 3053 v.
1274 2992 1354 3053 253:

199 3099 243 3156 nil
260 3115 333 3174 opus
349 3099 394 3156 esi
409 3095 516 3157 verbis
543 3118 573 3158 v.
593 3097 675 3159 1053
693 3101 766 3178 quid
782 3093 823 3156 aii
842 3116 915 3176 opica
926 3094 1032 3180 sacia.
1057 3094 1086 3171 I,
1105 3096 1166 3157 189
1187 3103 1222 3157 ut
1242 3119 1295 3176 par
1310 3102 1357 3156 est

198 3196 311 3258 semine
326 3203 406 3258 certo
423 3222 562 3261 crescere.
579 3221 611 3260 v.
625 3201 685 3261 200
696 3222 702 3258 :
714 3197 847 3278 pedibus
863 3203 915 3279 qui
930 3207 1058 3280 pontum
1074 3222 1128 3280 per
1142 3201 1218 3260 vada
1232 3209 1357 3280 possent

198 3305 335 3362 transire.
352 3322 383 3361 v.
397 3303 473 3363 201:
490 3325 615 3382 magnos
625 3300 763 3362 manibus
773 3305 916 3364 divellere
926 3306 1047 3364 montis.
1063 3322 1094 3362 v.
1108 3302 1185 3363 211:
1203 3309 1357 3363 vertentes

198 3422 313 3464 corum
333 3407 446 3484 glebas.
471 3426 502 3466 v.
521 3406 599 3467 221:
624 3409 747 3466 aeterno
770 3409 841 3486 quio
861 3409 1001 3465 concioni
1020 3402 1133 3465 acacius
1152 3427 1298 3486 quaeque.
1322 3423 1354 3464 v.

199 3507 276 3567 302:
295 3529 371 3588 quae
386 3516 488 3570 tamen
505 3512 606 3570 omnia
621 3526 762 3587 corporea
778 3512 917 3568 constare
926 3509 1075 3569 necessest
1085 3511 1210 3568 nature.
1231 3527 1261 3568 v.
1274 3508 1353 3568 484:

199 3614 308 3690 partim
320 3607 447 3670 concilio
458 3634 534 3690 quae
544 3614 684 3671 consiccet
698 3614 924 3692 principiorum.
942 3631 973 3670 v.
986 3611 1064 3671 626:
1082 3613 1207 3671 minima
1216 3616 1357 3670 constent

199 3720 315 3775 natura.
339 3710 388 3788 ΙΙ,
406 3713 484 3775 378:
508 3717 621 3774 cataro
645 3717 788 3794 quoniam
804 3717 945 3774 concioni
960 3736 1057 3794 neque
1074 3719 1153 3775 iacta
1168 3731 1259 3771 manc
1275 3719 1355 3773 sunt.

199 3817 277 3877 452:
296 3813 418 3898 fliioido
438 3839 514 3896 quae
537 3835 659 3895 corpore
680 3821 796 3897 liquida
817 3819 968 3876 austriaci.
992 3836 1025 3876 v.
1045 3816 1120 3877 722:
1144 3819 1188 3877 ita
1206 3838 1357 3896 quamque

199 3925 349 3980 necessest
378 3916 522 3978 dissimili
550 3923 688 3979 constare
711 3921 818 4001 sipara
848 3923 1072 3999 principiorum.
1106 3915 1172 3993 III,
1200 3918 1261 3978 186
1286 3937 1354 3996 sq.:

200 4024 338 4081 constare
363 4019 508 4080 rutundis
533 4044 677 4102 perquam
698 4019 860 4082 seminibus
881 4023 972 4082 debet
993 4043 1196 4101 perquamque
1216 4017 1354 4079 minutis.

200 4121 242 4199 V,
261 4123 338 4183 239:
356 4127 510 4205 Principio
526 4129 668 4205 quoniam
684 4129 775 4186 terrai
791 4147 897 4205 corpus
914 4131 945 4184 et
961 4147 1047 4185 umor
1062 4145 1259 4203 aurarumque
1275 4125 1357 4183 leves

200 4230 316 4288 animae
338 4229 488 4308 calidique
510 4250 649 4308 vapores,
675 4230 821 4307 equibus
842 4230 914 4288 haec
935 4249 1044 4288 rerum.
1057 4230 1219 4289 consistere
1241 4247 1358 4286 summa

201 4332 335 4406 videtur,
360 4335 461 4392 omnia
484 4333 589 4389 coiano
614 4353 647 4392 ac
672 4327 795 4390 mortali
820 4347 941 4407 corpore
965 4333 1117 4400 constant,
1143 4331 1234 4390 debet
1258 4326 1356 4387 sociem
