<?xml version="1.0" encoding="UTF-8"?>
<!DOCTYPE html PUBLIC "-//W3C//DTD XHTML 1.0 Transitional//EN"
    "http://www.w3.org/TR/xhtml1/DTD/xhtml1-transitional.dtd">
<html xmlns="http://www.w3.org/1999/xhtml" xml:lang="en" lang="en">
 <head>
  <title>
</title>
<meta http-equiv="Content-Type" content="text/html;charset=utf-8" />
  <meta name='ocr-system' content='tesseract 3.04.00' />
  <meta name='ocr-capabilities' content='ocr_page ocr_carea ocr_par ocr_line ocrx_word'/>
</head>
<body>
  <div class='ocr_page' id='page_1' title='image "./syntaxislucreti01holtgoog_0080.png"; bbox 0 0 2886 4998; ppageno 0'>
   <div class='ocr_carea' id='block_1_1' title="bbox 390 381 1214 443">
    <p class='ocr_par' dir='ltr' id='par_1_1' title="bbox 390 381 1214 443">
     <span class='ocr_line' id='line_1_1' title="bbox 390 381 1214 443; baseline 0.01 -8"><span class='ocrx_word' id='word_1_1' title='bbox 390 392 663 437; x_wconf 80' lang='lat' dir='ltr'>rusurosrrrouus</span> <span class='ocrx_word' id='word_1_2' title='bbox 686 393 755 437; x_wconf 82' lang='lat' dir='ltr'>(reu</span> <span class='ocrx_word' id='word_1_3' title='bbox 778 395 891 438; x_wconf 74' lang='lat' dir='ltr'>rocus.</span> <span class='ocrx_word' id='word_1_4' title='bbox 1177 381 1214 443; x_wconf 99' lang='grc'><strong>71</strong></span> 
     </span>
    </p>
   </div>
   <div class='ocr_carea' id='block_1_2' title="bbox 22 560 1217 1872">
    <p class='ocr_par' dir='ltr' id='par_1_2' title="bbox 22 560 1217 1872">
     <span class='ocr_line' id='line_1_2' title="bbox 24 560 1214 648; baseline 0.003 -23"><span class='ocrx_word' id='word_1_5' title='bbox 24 566 129 626; x_wconf 76' lang='lat'>640:</span> <span class='ocrx_word' id='word_1_6' title='bbox 161 563 328 625; x_wconf 71' lang='lat' dir='ltr'><em>detrudere</em></span> <span class='ocrx_word' id='word_1_7' title='bbox 352 600 384 608; x_wconf 94' lang='lat'>-</span> <span class='ocrx_word' id='word_1_8' title='bbox 410 560 556 624; x_wconf 70' lang='lat' dir='ltr'>brumale</span> <span class='ocrx_word' id='word_1_9' title='bbox 575 582 668 645; x_wconf 81' lang='lat' dir='ltr'>aeque</span> <span class='ocrx_word' id='word_1_10' title='bbox 688 561 731 624; x_wconf 83' lang='lat' dir='ltr'>ad</span> <span class='ocrx_word' id='word_1_11' title='bbox 741 563 844 646; x_wconf 74' lang='lat' dir='ltr'>fletae</span> <span class='ocrx_word' id='word_1_12' title='bbox 859 562 1055 648; x_wconf 67' lang='lat' dir='ltr'>putidumque</span> <span class='ocrx_word' id='word_1_13' title='bbox 1075 565 1214 645; x_wconf 73' lang='lat' dir='ltr'>riporum.</span> 
     </span>
     <span class='ocr_line' id='line_1_3' title="bbox 28 663 1216 748; baseline 0.005 -22"><span class='ocrx_word' id='word_1_14' title='bbox 28 665 109 742; x_wconf 90' lang='lat' dir='ltr'>VI,</span> <span class='ocrx_word' id='word_1_15' title='bbox 130 667 222 728; x_wconf 78' lang='lat'>440:</span> <span class='ocrx_word' id='word_1_16' title='bbox 241 663 371 726; x_wconf 58' lang='lat' dir='ltr'>deterit</span> <span class='ocrx_word' id='word_1_17' title='bbox 387 664 429 728; x_wconf 83' lang='lat' dir='ltr'>ud</span> <span class='ocrx_word' id='word_1_18' title='bbox 443 683 574 748; x_wconf 80' lang='lat' dir='ltr'>aequora</span> <span class='ocrx_word' id='word_1_19' title='bbox 590 669 686 747; x_wconf 89' lang='lat' dir='ltr'>ponti.</span> <span class='ocrx_word' id='word_1_20' title='bbox 708 663 775 742; x_wconf 79' lang='grc' dir='ltr'>ΙΙΙ,</span> <span class='ocrx_word' id='word_1_21' title='bbox 795 665 875 727; x_wconf 64' lang='grc'><strong>7766</strong></span> <span class='ocrx_word' id='word_1_22' title='bbox 890 665 1018 728; x_wconf 77' lang='grc'><strong>6666116</strong></span> <span class='ocrx_word' id='word_1_23' title='bbox 1035 667 1216 732; x_wconf 81' lang='lat' dir='ltr'>adveneris</span> 
     </span>
     <span class='ocr_line' id='line_1_4' title="bbox 22 771 1216 850; baseline 0.004 -22"><span class='ocrx_word' id='word_1_24' title='bbox 22 772 230 850; x_wconf 16' lang='lat' dir='ltr'>‘partusque</span> <span class='ocrx_word' id='word_1_25' title='bbox 253 772 384 830; x_wconf 81' lang='lat' dir='ltr'>ferarum</span> <span class='ocrx_word' id='word_1_26' title='bbox 411 790 474 830; x_wconf 89' lang='lat' dir='ltr'>esse</span> <span class='ocrx_word' id='word_1_27' title='bbox 498 771 612 830; x_wconf 87' lang='lat' dir='ltr'>animas</span> <span class='ocrx_word' id='word_1_28' title='bbox 640 774 742 849; x_wconf 86' lang='lat' dir='ltr'>presto</span> <span class='ocrx_word' id='word_1_29' title='bbox 771 771 971 831; x_wconf 77' lang='lat' dir='ltr'><strong>deridiculum</strong></span> <span class='ocrx_word' id='word_1_30' title='bbox 999 793 1062 832; x_wconf 88' lang='lat' dir='ltr'>esse</span> <span class='ocrx_word' id='word_1_31' title='bbox 1085 775 1216 834; x_wconf 86' lang='lat' dir='ltr'>videtur.</span> 
     </span>
     <span class='ocr_line' id='line_1_5' title="bbox 33 867 1212 952; baseline 0.005 -23"><span class='ocrx_word' id='word_1_32' title='bbox 33 890 72 930; x_wconf 92' lang='lat' dir='ltr'>v.</span> <span class='ocrx_word' id='word_1_33' title='bbox 96 870 190 930; x_wconf 87' lang='lat'>959:</span> <span class='ocrx_word' id='word_1_34' title='bbox 219 892 277 932; x_wconf 81' lang='lat' dir='ltr'>nee</span> <span class='ocrx_word' id='word_1_35' title='bbox 294 872 432 950; x_wconf 79' lang='lat' dir='ltr'><strong>opinanti</strong></span> <span class='ocrx_word' id='word_1_36' title='bbox 451 891 530 931; x_wconf 88' lang='lat' dir='ltr'>mors</span> <span class='ocrx_word' id='word_1_37' title='bbox 552 867 595 930; x_wconf 78' lang='lat' dir='ltr'>ad</span> <span class='ocrx_word' id='word_1_38' title='bbox 613 873 705 948; x_wconf 77' lang='lat' dir='ltr'>eaput</span> <span class='ocrx_word' id='word_1_39' title='bbox 726 873 856 932; x_wconf 81' lang='lat' dir='ltr'>adstitit.</span> <span class='ocrx_word' id='word_1_40' title='bbox 887 890 918 932; x_wconf 90' lang='lat' dir='ltr'>v.</span> <span class='ocrx_word' id='word_1_41' title='bbox 938 872 1036 933; x_wconf 82' lang='lat'>1063:</span> <span class='ocrx_word' id='word_1_42' title='bbox 1062 895 1154 952; x_wconf 84' lang='lat' dir='ltr'>agens</span> <span class='ocrx_word' id='word_1_43' title='bbox 1180 909 1212 918; x_wconf 82' lang='lat'>—</span> 
     </span>
     <span class='ocr_line' id='line_1_6' title="bbox 34 968 1217 1046; baseline 0.003 -12"><span class='ocrx_word' id='word_1_44' title='bbox 34 970 87 1034; x_wconf 85' lang='lat' dir='ltr'>ad</span> <span class='ocrx_word' id='word_1_45' title='bbox 104 968 237 1032; x_wconf 79' lang='lat' dir='ltr'>uillam.</span> <span class='ocrx_word' id='word_1_46' title='bbox 267 968 330 1046; x_wconf 84' lang='lat' dir='ltr'>IV,</span> <span class='ocrx_word' id='word_1_47' title='bbox 349 971 427 1034; x_wconf 80' lang='lat'><strong>339:</strong></span> <span class='ocrx_word' id='word_1_48' title='bbox 452 974 490 1034; x_wconf 88' lang='lat' dir='ltr'>ad</span> <span class='ocrx_word' id='word_1_49' title='bbox 511 994 565 1034; x_wconf 91' lang='lat' dir='ltr'>nos</span> <span class='ocrx_word' id='word_1_50' title='bbox 585 1005 617 1016; x_wconf 85' lang='lat'>··-</span> <span class='ocrx_word' id='word_1_51' title='bbox 637 974 770 1034; x_wconf 84' lang='lat' dir='ltr'>advolat.</span> <span class='ocrx_word' id='word_1_52' title='bbox 799 972 1217 1037; x_wconf 55' lang='lat' dir='ltr'>numerusnumerous</span> 
     </span>
     <span class='ocr_line' id='line_1_7' title="bbox 36 1070 1214 1154; baseline 0.001 -19"><span class='ocrx_word' id='word_1_53' title='bbox 36 1076 239 1154; x_wconf 86' lang='lat' dir='ltr'>perlabitur.</span> <span class='ocrx_word' id='word_1_54' title='bbox 278 1070 322 1149; x_wconf 85' lang='lat' dir='ltr'>V,</span> <span class='ocrx_word' id='word_1_55' title='bbox 352 1071 428 1135; x_wconf 83' lang='lat'>711:</span> <span class='ocrx_word' id='word_1_56' title='bbox 467 1077 589 1154; x_wconf 92' lang='lat' dir='ltr'>propius</span> <span class='ocrx_word' id='word_1_57' title='bbox 624 1107 655 1116; x_wconf 90' lang='lat'><em>—</em></span> <span class='ocrx_word' id='word_1_58' title='bbox 688 1072 732 1134; x_wconf 83' lang='lat' dir='ltr'>ad</span> <span class='ocrx_word' id='word_1_59' title='bbox 765 1071 863 1152; x_wconf 66' lang='lat' dir='ltr'>ipueru</span> <span class='ocrx_word' id='word_1_60' title='bbox 886 1072 1012 1136; x_wconf 72' lang='lat' dir='ltr'>labitur.</span> <span class='ocrx_word' id='word_1_61' title='bbox 1053 1074 1113 1152; x_wconf 90' lang='lat' dir='ltr'>IV,</span> <span class='ocrx_word' id='word_1_62' title='bbox 1137 1077 1214 1138; x_wconf 82' lang='lat'><strong>389:</strong></span> 
     </span>
     <span class='ocr_line' id='line_1_8' title="bbox 38 1172 1216 1261; baseline 0 -23"><span class='ocrx_word' id='word_1_63' title='bbox 38 1181 162 1255; x_wconf 82' lang='lat' dir='ltr'>fugere</span> <span class='ocrx_word' id='word_1_64' title='bbox 180 1172 226 1236; x_wconf 85' lang='lat' dir='ltr'>ad</span> <span class='ocrx_word' id='word_1_65' title='bbox 232 1172 373 1254; x_wconf 78' lang='lat' dir='ltr'>puppim.</span> <span class='ocrx_word' id='word_1_66' title='bbox 398 1193 430 1236; x_wconf 86' lang='lat' dir='ltr'>v.</span> <span class='ocrx_word' id='word_1_67' title='bbox 447 1175 524 1236; x_wconf 80' lang='lat'>895:</span> <span class='ocrx_word' id='word_1_68' title='bbox 543 1178 728 1256; x_wconf 66' lang='lat' dir='ltr'>dispargitur</span> <span class='ocrx_word' id='word_1_69' title='bbox 742 1175 785 1238; x_wconf 79' lang='lat' dir='ltr'>ad</span> <span class='ocrx_word' id='word_1_70' title='bbox 792 1175 897 1254; x_wconf 77' lang='lat' dir='ltr'>pariis</span> <span class='ocrx_word' id='word_1_71' title='bbox 911 1181 957 1240; x_wconf 84' lang='lat' dir='ltr'>ita</span> <span class='ocrx_word' id='word_1_72' title='bbox 970 1197 1103 1261; x_wconf 82' lang='lat' dir='ltr'>quaeque</span> <span class='ocrx_word' id='word_1_73' title='bbox 1117 1176 1216 1238; x_wconf 72' lang='lat' dir='ltr'>muru-</span> 
     </span>
     <span class='ocr_line' id='line_1_9' title="bbox 40 1275 1217 1360; baseline 0.003 -22"><span class='ocrx_word' id='word_1_74' title='bbox 40 1282 111 1338; x_wconf 72' lang='lat' dir='ltr'>tas.</span> <span class='ocrx_word' id='word_1_75' title='bbox 148 1297 184 1338; x_wconf 92' lang='lat' dir='ltr'>v.</span> <span class='ocrx_word' id='word_1_76' title='bbox 206 1277 305 1340; x_wconf 77' lang='lat'>1021:</span> <span class='ocrx_word' id='word_1_77' title='bbox 322 1281 525 1359; x_wconf 78' lang='lat' dir='ltr'>praecipitent</span> <span class='ocrx_word' id='word_1_78' title='bbox 539 1275 582 1338; x_wconf 78' lang='lat' dir='ltr'>od</span> <span class='ocrx_word' id='word_1_79' title='bbox 596 1281 719 1339; x_wconf 79' lang='lat' dir='ltr'>terrum.</span> <span class='ocrx_word' id='word_1_80' title='bbox 748 1275 791 1353; x_wconf 89' lang='lat' dir='ltr'>V,</span> <span class='ocrx_word' id='word_1_81' title='bbox 810 1279 908 1341; x_wconf 83' lang='lat'>1001:</span> <span class='ocrx_word' id='word_1_82' title='bbox 926 1301 1056 1360; x_wconf 80' lang='lat' dir='ltr'>aequora</span> <span class='ocrx_word' id='word_1_83' title='bbox 1070 1283 1217 1360; x_wconf 85' lang='lat' dir='ltr'>fligebant</span> 
     </span>
     <span class='ocr_line' id='line_1_10' title="bbox 41 1378 1214 1462; baseline -0.001 -20"><span class='ocrx_word' id='word_1_84' title='bbox 41 1384 141 1442; x_wconf 88' lang='lat' dir='ltr'>navis</span> <span class='ocrx_word' id='word_1_85' title='bbox 168 1378 213 1440; x_wconf 81' lang='lat' dir='ltr'>ad</span> <span class='ocrx_word' id='word_1_86' title='bbox 236 1399 324 1440; x_wconf 80' lang='grc'><strong>6666.</strong></span> <span class='ocrx_word' id='word_1_87' title='bbox 356 1399 388 1440; x_wconf 80' lang='lat' dir='ltr'>v.</span> <span class='ocrx_word' id='word_1_88' title='bbox 407 1379 506 1442; x_wconf 80' lang='lat'>1031:</span> <span class='ocrx_word' id='word_1_89' title='bbox 534 1383 708 1460; x_wconf 70' lang='lat' dir='ltr'>protrahere</span> <span class='ocrx_word' id='word_1_90' title='bbox 729 1378 905 1458; x_wconf 69' lang='lat' dir='ltr'>aripertum</span> <span class='ocrx_word' id='word_1_91' title='bbox 930 1403 1047 1462; x_wconf 88' lang='lat' dir='ltr'>pueros.</span> <span class='ocrx_word' id='word_1_92' title='bbox 1077 1381 1139 1458; x_wconf 85' lang='lat' dir='ltr'>VI,</span> <span class='ocrx_word' id='word_1_93' title='bbox 1157 1383 1214 1444; x_wconf 77' lang='lat'>532</span> 
     </span>
     <span class='ocr_line' id='line_1_11' title="bbox 46 1479 1215 1565; baseline 0.001 -21"><span class='ocrx_word' id='word_1_94' title='bbox 46 1487 278 1564; x_wconf 78' lang='lat' dir='ltr'>depressosque</span> <span class='ocrx_word' id='word_1_95' title='bbox 307 1487 450 1562; x_wconf 87' lang='lat' dir='ltr'>premunt</span> <span class='ocrx_word' id='word_1_96' title='bbox 479 1485 513 1542; x_wconf 77' lang='lat' dir='ltr'>at</span> <span class='ocrx_word' id='word_1_97' title='bbox 542 1485 664 1542; x_wconf 75' lang='lat' dir='ltr'>terram.</span> <span class='ocrx_word' id='word_1_98' title='bbox 710 1479 865 1544; x_wconf 53' lang='lat' dir='ltr'>IraehmA</span> <span class='ocrx_word' id='word_1_99' title='bbox 897 1481 978 1559; x_wconf 79' lang='lat' dir='ltr'>„Its</span> <span class='ocrx_word' id='word_1_100' title='bbox 1007 1481 1041 1545; x_wconf 91' lang='lat' dir='ltr'>in</span> <span class='ocrx_word' id='word_1_101' title='bbox 1071 1482 1215 1565; x_wconf 86' lang='lat' dir='ltr'>oblongo</span> 
     </span>
     <span class='ocr_line' id='line_1_12' title="bbox 48 1579 1216 1669; baseline 0.003 -25"><span class='ocrx_word' id='word_1_102' title='bbox 48 1581 185 1665; x_wconf 87' lang='lat' dir='ltr'>seripta</span> <span class='ocrx_word' id='word_1_103' title='bbox 208 1587 260 1644; x_wconf 90' lang='lat' dir='ltr'>est</span> <span class='ocrx_word' id='word_1_104' title='bbox 279 1582 322 1645; x_wconf 83' lang='lat' dir='ltr'>ad</span> <span class='ocrx_word' id='word_1_105' title='bbox 340 1580 554 1664; x_wconf 81' lang='lat' dir='ltr'>praepositio,</span> <span class='ocrx_word' id='word_1_106' title='bbox 577 1581 611 1644; x_wconf 85' lang='lat' dir='ltr'>in</span> <span class='ocrx_word' id='word_1_107' title='bbox 632 1579 792 1664; x_wconf 87' lang='lat' dir='ltr'>quadrato</span> <span class='ocrx_word' id='word_1_108' title='bbox 808 1589 864 1645; x_wconf 82' lang='lat' dir='ltr'>u“.</span> <span class='ocrx_word' id='word_1_109' title='bbox 895 1606 927 1647; x_wconf 87' lang='lat' dir='ltr'>v.</span> <span class='ocrx_word' id='word_1_110' title='bbox 945 1586 1022 1648; x_wconf 79' lang='lat'>464:</span> <span class='ocrx_word' id='word_1_111' title='bbox 1045 1591 1129 1649; x_wconf 87' lang='lat' dir='ltr'>venti</span> <span class='ocrx_word' id='word_1_112' title='bbox 1148 1611 1216 1669; x_wconf 90' lang='lat' dir='ltr'>por·</span> 
     </span>
     <span class='ocr_line' id='line_1_13' title="bbox 49 1683 1216 1764; baseline 0.001 -15"><span class='ocrx_word' id='word_1_113' title='bbox 49 1694 161 1750; x_wconf 83' lang='lat' dir='ltr'>tantas</span> <span class='ocrx_word' id='word_1_114' title='bbox 186 1689 296 1764; x_wconf 75' lang='lat' dir='ltr'>oopuut</span> <span class='ocrx_word' id='word_1_115' title='bbox 320 1684 363 1746; x_wconf 80' lang='lat' dir='ltr'>ad</span> <span class='ocrx_word' id='word_1_116' title='bbox 384 1705 499 1746; x_wconf 78' lang='lat' dir='ltr'>summe</span> <span class='ocrx_word' id='word_1_117' title='bbox 519 1683 678 1746; x_wconf 75' lang='lat' dir='ltr'>eacumina</span> <span class='ocrx_word' id='word_1_118' title='bbox 697 1689 819 1749; x_wconf 83' lang='lat' dir='ltr'>montis.</span> <span class='ocrx_word' id='word_1_119' title='bbox 850 1708 881 1749; x_wconf 89' lang='lat' dir='ltr'>v.</span> <span class='ocrx_word' id='word_1_120' title='bbox 901 1687 977 1750; x_wconf 80' lang='lat'><strong>733:</strong></span> <span class='ocrx_word' id='word_1_121' title='bbox 1004 1692 1047 1751; x_wconf 92' lang='lat' dir='ltr'>ibi</span> <span class='ocrx_word' id='word_1_122' title='bbox 1072 1688 1114 1750; x_wconf 76' lang='lat' dir='ltr'>ud</span> <span class='ocrx_word' id='word_1_123' title='bbox 1136 1689 1216 1752; x_wconf 76' lang='lat' dir='ltr'>alios</span> 
     </span>
     <span class='ocr_line' id='line_1_14' title="bbox 51 1782 1216 1872; baseline 0.003 -22"><span class='ocrx_word' id='word_1_124' title='bbox 51 1791 192 1868; x_wconf 84' lang='lat' dir='ltr'>deniquo</span> <span class='ocrx_word' id='word_1_125' title='bbox 213 1782 323 1846; x_wconf 77' lang='lat' dir='ltr'>mortis</span> <span class='ocrx_word' id='word_1_126' title='bbox 348 1821 378 1830; x_wconf 83' lang='lat'>-</span> <span class='ocrx_word' id='word_1_127' title='bbox 403 1788 498 1848; x_wconf 86' lang='lat' dir='ltr'>nubes</span> <span class='ocrx_word' id='word_1_128' title='bbox 519 1789 677 1865; x_wconf 65' lang='lat' dir='ltr'>coquatur.</span> <span class='ocrx_word' id='word_1_129' title='bbox 709 1806 741 1849; x_wconf 85' lang='lat' dir='ltr'>v.</span> <span class='ocrx_word' id='word_1_130' title='bbox 760 1788 837 1850; x_wconf 80' lang='lat'><strong>562:</strong></span> <span class='ocrx_word' id='word_1_131' title='bbox 861 1787 904 1850; x_wconf 79' lang='lat' dir='ltr'>ad</span> <span class='ocrx_word' id='word_1_132' title='bbox 923 1789 1099 1872; x_wconf 69' lang='lat' dir='ltr'>suetamque</span> <span class='ocrx_word' id='word_1_133' title='bbox 1120 1795 1216 1872; x_wconf 84' lang='lat' dir='ltr'>magis</span> 
     </span>
    </p>
   </div>
   <div class='ocr_carea' id='block_1_3' title="bbox 53 1887 1210 2066">
    <p class='ocr_par' dir='ltr' id='par_1_3' title="bbox 53 1887 1210 2066">
     <span class='ocr_line' id='line_1_15' title="bbox 53 1887 1210 1970; baseline -0.001 -17"><span class='ocrx_word' id='word_1_134' title='bbox 53 1894 175 1970; x_wconf 82' lang='lat' dir='ltr'>quanto</span> <span class='ocrx_word' id='word_1_135' title='bbox 190 1893 264 1950; x_wconf 87' lang='lat' dir='ltr'>sunt</span> <span class='ocrx_word' id='word_1_136' title='bbox 279 1890 361 1956; x_wconf 90' lang='lat' dir='ltr'>edita</span> <span class='ocrx_word' id='word_1_137' title='bbox 376 1909 522 1967; x_wconf 81' lang='lat' dir='ltr'>quaeque.</span> <span class='ocrx_word' id='word_1_138' title='bbox 553 1907 585 1947; x_wconf 91' lang='lat' dir='ltr'>v.</span> <span class='ocrx_word' id='word_1_139' title='bbox 603 1887 682 1950; x_wconf 83' lang='lat'>900:</span> <span class='ocrx_word' id='word_1_140' title='bbox 705 1892 855 1948; x_wconf 72' lang='lat' dir='ltr'>nocturna</span> <span class='ocrx_word' id='word_1_141' title='bbox 870 1887 913 1950; x_wconf 77' lang='lat' dir='ltr'>ad</span> <span class='ocrx_word' id='word_1_142' title='bbox 929 1887 1046 1952; x_wconf 69' lang='lat' dir='ltr'>lumina</span> <span class='ocrx_word' id='word_1_143' title='bbox 1062 1895 1159 1956; x_wconf 88' lang='lat' dir='ltr'>linum</span> <span class='ocrx_word' id='word_1_144' title='bbox 1179 1927 1210 1938; x_wconf 94' lang='lat'>-</span> 
     </span>
     <span class='ocr_line' id='line_1_16' title="bbox 55 1984 964 2066; baseline 0.001 -13"><span class='ocrx_word' id='word_1_145' title='bbox 55 1995 230 2052; x_wconf 79' lang='lat' dir='ltr'><strong>admoveas.</strong></span> <span class='ocrx_word' id='word_1_146' title='bbox 261 2008 292 2048; x_wconf 84' lang='lat' dir='ltr'>r.</span> <span class='ocrx_word' id='word_1_147' title='bbox 312 1987 542 2066; x_wconf 75' lang='lat' dir='ltr'>10312pr0uas</span> <span class='ocrx_word' id='word_1_148' title='bbox 556 1984 712 2066; x_wconf 69' lang='lat' dir='ltr'>adpetiit</span> <span class='ocrx_word' id='word_1_149' title='bbox 731 2022 763 2033; x_wconf 91' lang='lat'><em>-</em></span> <span class='ocrx_word' id='word_1_150' title='bbox 783 1991 964 2054; x_wconf 84' lang='lat' dir='ltr'>insinuatus.</span> 
     </span>
    </p>
   </div>
   <div class='ocr_carea' id='block_1_4' title="bbox 58 2084 1228 3605">
    <p class='ocr_par' dir='ltr' id='par_1_4' title="bbox 58 2084 1213 2271">
     <span class='ocr_line' id='line_1_17' title="bbox 145 2084 1213 2176; baseline 0.004 -26"><span class='ocrx_word' id='word_1_151' title='bbox 145 2089 179 2170; x_wconf 81' lang='lat' dir='ltr'>b)</span> <span class='ocrx_word' id='word_1_152' title='bbox 209 2085 380 2150; x_wconf 81' lang='lat' dir='ltr'>Terminus</span> <span class='ocrx_word' id='word_1_153' title='bbox 401 2084 622 2167; x_wconf 81' lang='lat' dir='ltr'>significatur,</span> <span class='ocrx_word' id='word_1_154' title='bbox 648 2091 687 2148; x_wconf 88' lang='lat' dir='ltr'>ut</span> <span class='ocrx_word' id='word_1_155' title='bbox 710 2087 753 2150; x_wconf 84' lang='lat' dir='ltr'>ad</span> <span class='ocrx_word' id='word_1_156' title='bbox 771 2085 859 2150; x_wconf 87' lang='lat' dir='ltr'>idem</span> <span class='ocrx_word' id='word_1_157' title='bbox 878 2087 924 2152; x_wconf 88' lang='lat' dir='ltr'>sit</span> <span class='ocrx_word' id='word_1_158' title='bbox 944 2088 1032 2172; x_wconf 89' lang='lat' dir='ltr'>quod</span> <span class='ocrx_word' id='word_1_159' title='bbox 1053 2092 1213 2176; x_wconf 77' lang='lat' dir='ltr'>usquead.</span> 
     </span>
     <span class='ocr_line' id='line_1_18' title="bbox 58 2191 1024 2271; baseline 0.001 -17"><span class='ocrx_word' id='word_1_160' title='bbox 58 2191 123 2270; x_wconf 87' lang='lat' dir='ltr'>VI,</span> <span class='ocrx_word' id='word_1_161' title='bbox 142 2193 241 2256; x_wconf 80' lang='lat'>1168:</span> <span class='ocrx_word' id='word_1_162' title='bbox 258 2194 367 2254; x_wconf 88' lang='lat' dir='ltr'>intima</span> <span class='ocrx_word' id='word_1_163' title='bbox 382 2211 449 2271; x_wconf 90' lang='lat' dir='ltr'>pars</span> <span class='ocrx_word' id='word_1_164' title='bbox 464 2193 623 2254; x_wconf 89' lang='lat' dir='ltr'>hominum</span> <span class='ocrx_word' id='word_1_165' title='bbox 637 2211 708 2252; x_wconf 87' lang='lat' dir='ltr'>vero</span> <span class='ocrx_word' id='word_1_166' title='bbox 723 2195 872 2271; x_wconf 84' lang='lat' dir='ltr'>flagrabat</span> <span class='ocrx_word' id='word_1_167' title='bbox 888 2191 931 2254; x_wconf 77' lang='lat' dir='ltr'>ad</span> <span class='ocrx_word' id='word_1_168' title='bbox 945 2211 1024 2256; x_wconf 81' lang='grc'><strong>6666.</strong></span> 
     </span>
    </p>

    <p class='ocr_par' dir='ltr' id='par_1_5' title="bbox 62 2289 1216 2684">
     <span class='ocr_line' id='line_1_19' title="bbox 147 2289 1213 2376; baseline 0.002 -20"><span class='ocrx_word' id='word_1_169' title='bbox 147 2293 175 2376; x_wconf 80' lang='lat' dir='ltr'>e)</span> <span class='ocrx_word' id='word_1_170' title='bbox 199 2293 249 2356; x_wconf 88' lang='lat' dir='ltr'>De</span> <span class='ocrx_word' id='word_1_171' title='bbox 270 2290 380 2374; x_wconf 86' lang='lat' dir='ltr'>quiete</span> <span class='ocrx_word' id='word_1_172' title='bbox 402 2289 533 2355; x_wconf 86' lang='lat' dir='ltr'>dieitur.</span> <span class='ocrx_word' id='word_1_173' title='bbox 565 2289 628 2368; x_wconf 87' lang='lat' dir='ltr'>VI,</span> <span class='ocrx_word' id='word_1_174' title='bbox 646 2290 745 2355; x_wconf 74' lang='lat'>10622</span> <span class='ocrx_word' id='word_1_175' title='bbox 767 2296 943 2359; x_wconf 82' lang='lat' dir='ltr'>obversatur</span> <span class='ocrx_word' id='word_1_176' title='bbox 962 2295 1005 2358; x_wconf 80' lang='lat' dir='ltr'>ud</span> <span class='ocrx_word' id='word_1_177' title='bbox 1024 2295 1121 2360; x_wconf 71' lang='grc'><strong>66676.</strong></span> <span class='ocrx_word' id='word_1_178' title='bbox 1152 2295 1213 2374; x_wconf 90' lang='lat' dir='ltr'>VI,</span> 
     </span>
     <span class='ocr_line' id='line_1_20' title="bbox 63 2391 1216 2482; baseline 0.002 -22"><span class='ocrx_word' id='word_1_179' title='bbox 63 2399 125 2460; x_wconf 75' lang='lat'>694</span> <span class='ocrx_word' id='word_1_180' title='bbox 140 2417 206 2479; x_wconf 88' lang='lat' dir='ltr'>sq.:</span> <span class='ocrx_word' id='word_1_181' title='bbox 224 2399 336 2460; x_wconf 90' lang='lat' dir='ltr'>montis</span> <span class='ocrx_word' id='word_1_182' title='bbox 352 2394 394 2456; x_wconf 82' lang='lat' dir='ltr'>ad</span> <span class='ocrx_word' id='word_1_183' title='bbox 409 2399 472 2458; x_wconf 90' lang='lat' dir='ltr'>eius</span> <span class='ocrx_word' id='word_1_184' title='bbox 488 2391 606 2456; x_wconf 76' lang='lat' dir='ltr'>radices</span> <span class='ocrx_word' id='word_1_185' title='bbox 621 2398 735 2476; x_wconf 64' lang='grc'><strong>1666311</strong></span> <span class='ocrx_word' id='word_1_186' title='bbox 749 2399 868 2461; x_wconf 84' lang='lat' dir='ltr'>fluetus.</span> <span class='ocrx_word' id='word_1_187' title='bbox 899 2417 931 2460; x_wconf 92' lang='lat' dir='ltr'>v.</span> <span class='ocrx_word' id='word_1_188' title='bbox 951 2397 1027 2462; x_wconf 81' lang='lat'><strong>729:</strong></span> <span class='ocrx_word' id='word_1_189' title='bbox 1044 2402 1080 2462; x_wconf 89' lang='lat' dir='ltr'>fit</span> <span class='ocrx_word' id='word_1_190' title='bbox 1095 2423 1216 2482; x_wconf 89' lang='lat' dir='ltr'>quoque</span> 
     </span>
     <span class='ocr_line' id='line_1_21' title="bbox 62 2496 1212 2581; baseline 0.002 -19"><span class='ocrx_word' id='word_1_191' title='bbox 62 2505 109 2562; x_wconf 91' lang='lat' dir='ltr'>uti</span> <span class='ocrx_word' id='word_1_192' title='bbox 124 2504 288 2581; x_wconf 86' lang='lat' dir='ltr'>pluviae-</span> <span class='ocrx_word' id='word_1_193' title='bbox 302 2502 399 2579; x_wconf 85' lang='lat' dir='ltr'>magis</span> <span class='ocrx_word' id='word_1_194' title='bbox 414 2496 457 2560; x_wconf 80' lang='lat' dir='ltr'>od</span> <span class='ocrx_word' id='word_1_195' title='bbox 471 2501 563 2576; x_wconf 67' lang='lat' dir='ltr'>eaput</span> <span class='ocrx_word' id='word_1_196' title='bbox 579 2500 607 2558; x_wconf 91' lang='lat' dir='ltr'>ei</span> <span class='ocrx_word' id='word_1_197' title='bbox 621 2501 706 2560; x_wconf 85' lang='lat' dir='ltr'>fiant.</span> <span class='ocrx_word' id='word_1_198' title='bbox 728 2516 760 2559; x_wconf 78' lang='lat' dir='ltr'>V.</span> <span class='ocrx_word' id='word_1_199' title='bbox 779 2498 839 2560; x_wconf 80' lang='lat'>750</span> <span class='ocrx_word' id='word_1_200' title='bbox 856 2503 989 2564; x_wconf 81' lang='lat' dir='ltr'>Palladis</span> <span class='ocrx_word' id='word_1_201' title='bbox 1004 2499 1046 2562; x_wconf 83' lang='lat' dir='ltr'>ad</span> <span class='ocrx_word' id='word_1_202' title='bbox 1060 2501 1212 2581; x_wconf 68' lang='lat' dir='ltr'>tempium.</span> 
     </span>
     <span class='ocr_line' id='line_1_22' title="bbox 63 2598 977 2684; baseline 0.002 -22"><span class='ocrx_word' id='word_1_203' title='bbox 63 2623 94 2663; x_wconf 90' lang='lat' dir='ltr'>v.</span> <span class='ocrx_word' id='word_1_204' title='bbox 113 2603 208 2664; x_wconf 81' lang='lat'>1265:</span> <span class='ocrx_word' id='word_1_205' title='bbox 229 2623 354 2684; x_wconf 75' lang='lat' dir='ltr'>corpora</span> <span class='ocrx_word' id='word_1_206' title='bbox 368 2599 485 2662; x_wconf 77' lang='lat' dir='ltr'>silanos</span> <span class='ocrx_word' id='word_1_207' title='bbox 501 2598 544 2660; x_wconf 81' lang='lat' dir='ltr'>ad</span> <span class='ocrx_word' id='word_1_208' title='bbox 557 2620 703 2681; x_wconf 87' lang='lat' dir='ltr'>aquarum</span> <span class='ocrx_word' id='word_1_209' title='bbox 718 2607 814 2664; x_wconf 67' lang='lat' dir='ltr'>sunta</span> <span class='ocrx_word' id='word_1_210' title='bbox 828 2605 977 2666; x_wconf 77' lang='lat' dir='ltr'>iacebant.</span> 
     </span>
    </p>

    <p class='ocr_par' dir='ltr' id='par_1_6' title="bbox 64 2698 1216 3195">
     <span class='ocr_line' id='line_1_23' title="bbox 147 2698 1216 2786; baseline 0.003 -21"><span class='ocrx_word' id='word_1_211' title='bbox 147 2701 179 2785; x_wconf 88' lang='lat' dir='ltr'>d)</span> <span class='ocrx_word' id='word_1_212' title='bbox 201 2701 331 2766; x_wconf 77' lang='lat' dir='ltr'>Dicitur</span> <span class='ocrx_word' id='word_1_213' title='bbox 351 2700 391 2764; x_wconf 86' lang='lat' dir='ltr'>de</span> <span class='ocrx_word' id='word_1_214' title='bbox 411 2707 575 2783; x_wconf 89' lang='lat' dir='ltr'>tempore,</span> <span class='ocrx_word' id='word_1_215' title='bbox 601 2698 642 2763; x_wconf 89' lang='lat' dir='ltr'>ad</span> <span class='ocrx_word' id='word_1_216' title='bbox 665 2700 875 2784; x_wconf 80' lang='lat' dir='ltr'>quoiusque</span> <span class='ocrx_word' id='word_1_217' title='bbox 895 2701 983 2767; x_wconf 86' lang='lat' dir='ltr'>aetio</span> <span class='ocrx_word' id='word_1_218' title='bbox 1004 2709 1161 2786; x_wconf 88' lang='lat' dir='ltr'>protensa</span> <span class='ocrx_word' id='word_1_219' title='bbox 1181 2712 1216 2768; x_wconf 89' lang='lat' dir='ltr'>et</span> 
     </span>
     <span class='ocr_line' id='line_1_24' title="bbox 64 2802 1212 2890; baseline 0 -20"><span class='ocrx_word' id='word_1_220' title='bbox 64 2804 221 2890; x_wconf 80' lang='lat' dir='ltr'>producta</span> <span class='ocrx_word' id='word_1_221' title='bbox 242 2810 294 2869; x_wconf 89' lang='lat' dir='ltr'>est</span> <span class='ocrx_word' id='word_1_222' title='bbox 309 2804 352 2883; x_wconf 88' lang='lat' dir='ltr'>V,</span> <span class='ocrx_word' id='word_1_223' title='bbox 370 2807 410 2867; x_wconf 83' lang='lat'>39</span> <span class='ocrx_word' id='word_1_224' title='bbox 432 2808 471 2867; x_wconf 86' lang='lat' dir='ltr'>ad</span> <span class='ocrx_word' id='word_1_225' title='bbox 489 2809 644 2882; x_wconf 87' lang='lat' dir='ltr'>satiatem,</span> <span class='ocrx_word' id='word_1_226' title='bbox 669 2802 787 2868; x_wconf 89' lang='lat' dir='ltr'>deinde</span> <span class='ocrx_word' id='word_1_227' title='bbox 810 2803 909 2868; x_wconf 85' lang='lat' dir='ltr'>etiam</span> <span class='ocrx_word' id='word_1_228' title='bbox 930 2804 970 2868; x_wconf 89' lang='lat' dir='ltr'>de</span> <span class='ocrx_word' id='word_1_229' title='bbox 993 2826 1031 2868; x_wconf 89' lang='lat' dir='ltr'>eo</span> <span class='ocrx_word' id='word_1_230' title='bbox 1052 2811 1212 2890; x_wconf 89' lang='lat' dir='ltr'>tempore,</span> 
     </span>
     <span class='ocr_line' id='line_1_25' title="bbox 67 2905 1214 2992; baseline 0.001 -20"><span class='ocrx_word' id='word_1_231' title='bbox 67 2907 151 2992; x_wconf 89' lang='lat' dir='ltr'>quod</span> <span class='ocrx_word' id='word_1_232' title='bbox 177 2929 244 2972; x_wconf 90' lang='lat' dir='ltr'>non</span> <span class='ocrx_word' id='word_1_233' title='bbox 273 2911 426 2970; x_wconf 87' lang='lat' dir='ltr'>aoeurate</span> <span class='ocrx_word' id='word_1_234' title='bbox 450 2905 621 2984; x_wconf 89' lang='lat' dir='ltr'>definitur,</span> <span class='ocrx_word' id='word_1_235' title='bbox 653 2905 712 2968; x_wconf 86' lang='lat' dir='ltr'>sed</span> <span class='ocrx_word' id='word_1_236' title='bbox 735 2911 869 2970; x_wconf 88' lang='lat' dir='ltr'>tantum</span> <span class='ocrx_word' id='word_1_237' title='bbox 884 2927 939 2972; x_wconf 73' lang='lat' dir='ltr'>,ex</span> <span class='ocrx_word' id='word_1_238' title='bbox 968 2906 1214 2992; x_wconf 72' lang='lat' dir='ltr'>propinquitate</span> 
     </span>
     <span class='ocr_line' id='line_1_26' title="bbox 67 3007 1212 3094; baseline 0 -20"><span class='ocrx_word' id='word_1_239' title='bbox 67 3009 198 3074; x_wconf 83' lang='lat' dir='ltr'>alieuius</span> <span class='ocrx_word' id='word_1_240' title='bbox 214 3008 296 3072; x_wconf 79' lang='lat' dir='ltr'>certi</span> <span class='ocrx_word' id='word_1_241' title='bbox 311 3007 471 3072; x_wconf 86' lang='lat' dir='ltr'>momenti</span> <span class='ocrx_word' id='word_1_242' title='bbox 487 3007 679 3090; x_wconf 84' lang='lat' dir='ltr'>designatur</span> <span class='ocrx_word' id='word_1_243' title='bbox 695 3007 816 3092; x_wconf 83' lang='lat' dir='ltr'>(Hand.</span> <span class='ocrx_word' id='word_1_244' title='bbox 835 3009 978 3074; x_wconf 76' lang='lat' dir='ltr'>Turseli.</span> <span class='ocrx_word' id='word_1_245' title='bbox 995 3010 1024 3089; x_wconf 92' lang='lat' dir='ltr'>I,</span> <span class='ocrx_word' id='word_1_246' title='bbox 1035 3032 1068 3094; x_wconf 93' lang='lat' dir='ltr'>p.</span> <span class='ocrx_word' id='word_1_247' title='bbox 1080 3013 1133 3094; x_wconf 90' lang='grc'>98)</span> <span class='ocrx_word' id='word_1_248' title='bbox 1151 3011 1212 3090; x_wconf 90' lang='lat' dir='ltr'>VI,</span> 
     </span>
     <span class='ocr_line' id='line_1_27' title="bbox 69 3113 980 3195; baseline -0.002 -17"><span class='ocrx_word' id='word_1_249' title='bbox 69 3117 161 3178; x_wconf 81' lang='lat'>1192:</span> <span class='ocrx_word' id='word_1_250' title='bbox 178 3113 218 3176; x_wconf 78' lang='lat' dir='ltr'>ad</span> <span class='ocrx_word' id='word_1_251' title='bbox 232 3133 401 3193; x_wconf 76' lang='lat' dir='ltr'>erepremum</span> <span class='ocrx_word' id='word_1_252' title='bbox 417 3116 548 3193; x_wconf 88' lang='lat' dir='ltr'>denique</span> <span class='ocrx_word' id='word_1_253' title='bbox 564 3117 679 3191; x_wconf 78' lang='lat' dir='ltr'>tempus</span> <span class='ocrx_word' id='word_1_254' title='bbox 695 3135 869 3195; x_wconf 82' lang='lat' dir='ltr'>conpressae</span> <span class='ocrx_word' id='word_1_255' title='bbox 885 3137 980 3178; x_wconf 88' lang='lat' dir='ltr'>nares.</span> 
     </span>
    </p>

    <p class='ocr_par' dir='ltr' id='par_1_7' title="bbox 69 3211 1228 3486">
     <span class='ocr_line' id='line_1_28' title="bbox 149 3211 1215 3297; baseline 0.002 -19"><span class='ocrx_word' id='word_1_256' title='bbox 149 3216 175 3297; x_wconf 85' lang='lat' dir='ltr'>e)</span> <span class='ocrx_word' id='word_1_257' title='bbox 198 3212 485 3297; x_wconf 68' lang='lat' dir='ltr'>Comparationem</span> <span class='ocrx_word' id='word_1_258' title='bbox 500 3211 547 3276; x_wconf 89' lang='lat' dir='ltr'>rei</span> <span class='ocrx_word' id='word_1_259' title='bbox 567 3212 722 3296; x_wconf 82' lang='lat' dir='ltr'>exprimit</span> <span class='ocrx_word' id='word_1_260' title='bbox 742 3233 816 3276; x_wconf 86' lang='lat' dir='ltr'>eum</span> <span class='ocrx_word' id='word_1_261' title='bbox 837 3213 902 3278; x_wconf 86' lang='grc'><strong>6116</strong></span> <span class='ocrx_word' id='word_1_262' title='bbox 917 3236 962 3278; x_wconf 87' lang='lat' dir='ltr'>re.</span> <span class='ocrx_word' id='word_1_263' title='bbox 995 3215 1058 3294; x_wconf 89' lang='lat' dir='ltr'>VI,</span> <span class='ocrx_word' id='word_1_264' title='bbox 1077 3218 1153 3280; x_wconf 83' lang='lat'>613:</span> <span class='ocrx_word' id='word_1_265' title='bbox 1172 3217 1215 3280; x_wconf 81' lang='lat' dir='ltr'>od</span> 
     </span>
     <span class='ocr_line' id='line_1_29' title="bbox 69 3309 1228 3400; baseline 0.002 -17"><span class='ocrx_word' id='word_1_266' title='bbox 69 3324 152 3382; x_wconf 85' lang='lat' dir='ltr'>maris</span> <span class='ocrx_word' id='word_1_267' title='bbox 173 3322 273 3382; x_wconf 88' lang='lat' dir='ltr'>omnia</span> <span class='ocrx_word' id='word_1_268' title='bbox 295 3337 440 3380; x_wconf 79' lang='lat' dir='ltr'>summam</span> <span class='ocrx_word' id='word_1_269' title='bbox 466 3321 568 3398; x_wconf 85' lang='lat' dir='ltr'>guttai</span> <span class='ocrx_word' id='word_1_270' title='bbox 595 3309 645 3380; x_wconf 75' lang='lat' dir='ltr'>vir</span> <span class='ocrx_word' id='word_1_271' title='bbox 674 3321 770 3384; x_wconf 84' lang='lat' dir='ltr'>instar</span> <span class='ocrx_word' id='word_1_272' title='bbox 798 3327 888 3384; x_wconf 88' lang='lat' dir='ltr'>erunt</span> <span class='ocrx_word' id='word_1_273' title='bbox 917 3324 1006 3382; x_wconf 89' lang='lat' dir='ltr'>unius</span> <span class='ocrx_word' id='word_1_274' title='bbox 1033 3323 1228 3400; x_wconf 69' lang='lat' dir='ltr'>adaugmen.</span> 
     </span>
     <span class='ocr_line' id='line_1_30' title="bbox 72 3419 916 3486; baseline -0.006 -2"><span class='ocrx_word' id='word_1_275' title='bbox 72 3443 101 3486; x_wconf 89' lang='lat' dir='ltr'>v.</span> <span class='ocrx_word' id='word_1_276' title='bbox 118 3423 232 3485; x_wconf 73' lang='lat' dir='ltr'>tituil</span> <span class='ocrx_word' id='word_1_277' title='bbox 246 3425 309 3484; x_wconf 79' lang='lat' dir='ltr'>sint</span> <span class='ocrx_word' id='word_1_278' title='bbox 323 3419 367 3482; x_wconf 77' lang='lat' dir='ltr'>ad</span> <span class='ocrx_word' id='word_1_279' title='bbox 380 3440 523 3482; x_wconf 73' lang='lat' dir='ltr'>suturam</span> <span class='ocrx_word' id='word_1_280' title='bbox 538 3424 666 3484; x_wconf 83' lang='lat' dir='ltr'>summai</span> <span class='ocrx_word' id='word_1_281' title='bbox 680 3424 776 3485; x_wconf 87' lang='lat' dir='ltr'>totius</span> <span class='ocrx_word' id='word_1_282' title='bbox 793 3440 916 3484; x_wconf 77' lang='grc'><strong>6666666.</strong></span> 
     </span>
    </p>

    <p class='ocr_par' dir='ltr' id='par_1_8' title="bbox 149 3519 1210 3605">
     <span class='ocr_line' id='line_1_31' title="bbox 149 3519 1210 3605; baseline 0.001 -20"><span class='ocrx_word' id='word_1_283' title='bbox 149 3523 171 3605; x_wconf 65' lang='grc'><strong>17</strong></span> <span class='ocrx_word' id='word_1_284' title='bbox 186 3519 468 3605; x_wconf 78' lang='lat' dir='ltr'>significationem</span> <span class='ocrx_word' id='word_1_285' title='bbox 484 3520 586 3584; x_wconf 87' lang='lat' dir='ltr'>habet</span> <span class='ocrx_word' id='word_1_286' title='bbox 601 3519 854 3604; x_wconf 83' lang='lat' dir='ltr'>praepositionis</span> <span class='ocrx_word' id='word_1_287' title='bbox 869 3521 1043 3586; x_wconf 76' lang='lat' dir='ltr'>seeundum.</span> <span class='ocrx_word' id='word_1_288' title='bbox 1066 3521 1114 3601; x_wconf 91' lang='lat' dir='ltr'>II,</span> <span class='ocrx_word' id='word_1_289' title='bbox 1132 3526 1210 3588; x_wconf 77' lang='lat'>281:</span> 
     </span>
    </p>
   </div>
   <div class='ocr_carea' id='block_1_5' title="bbox 74 3624 1340 3707">
    <p class='ocr_par' dir='ltr' id='par_1_9' title="bbox 74 3624 1340 3707">
     <span class='ocr_line' id='line_1_32' title="bbox 74 3624 1340 3707; baseline 0 -17"><span class='ocrx_word' id='word_1_290' title='bbox 74 3632 148 3690; x_wconf 87' lang='lat' dir='ltr'>euius</span> <span class='ocrx_word' id='word_1_291' title='bbox 162 3626 201 3688; x_wconf 81' lang='lat' dir='ltr'>ud</span> <span class='ocrx_word' id='word_1_292' title='bbox 214 3624 376 3688; x_wconf 61' lang='lat' dir='ltr'>urbitium</span> <span class='ocrx_word' id='word_1_293' title='bbox 397 3648 517 3707; x_wconf 89' lang='lat' dir='ltr'>quoque</span> <span class='ocrx_word' id='word_1_294' title='bbox 537 3629 624 3706; x_wconf 86' lang='lat' dir='ltr'>eopia</span> <span class='ocrx_word' id='word_1_295' title='bbox 642 3629 778 3689; x_wconf 83' lang='lat' dir='ltr'>materiai</span> <span class='ocrx_word' id='word_1_296' title='bbox 799 3629 919 3705; x_wconf 78' lang='lat' dir='ltr'>cogitur</span> <span class='ocrx_word' id='word_1_297' title='bbox 937 3629 1017 3687; x_wconf 85' lang='lat' dir='ltr'>inter</span> <span class='ocrx_word' id='word_1_298' title='bbox 1033 3629 1105 3690; x_wconf 89' lang='lat' dir='ltr'>dum</span> <span class='ocrx_word' id='word_1_299' title='bbox 1120 3631 1211 3690; x_wconf 83' lang='lat' dir='ltr'>flecti.</span> <span class='ocrx_word' id='word_1_300' title='bbox 1333 3631 1340 3638; x_wconf 83' lang='grc'><em>“</em></span> 
     </span>
    </p>
   </div>
   <div class='ocr_carea' id='block_1_6' title="bbox 74 3725 1213 4427">
    <p class='ocr_par' dir='ltr' id='par_1_10' title="bbox 74 3725 1213 4018">
     <span class='ocr_line' id='line_1_33' title="bbox 74 3725 1213 3811; baseline 0.003 -21"><span class='ocrx_word' id='word_1_301' title='bbox 74 3751 103 3790; x_wconf 88' lang='lat' dir='ltr'>v.</span> <span class='ocrx_word' id='word_1_302' title='bbox 119 3730 187 3792; x_wconf 78' lang='lat'><strong>379:</strong></span> <span class='ocrx_word' id='word_1_303' title='bbox 208 3751 306 3811; x_wconf 88' lang='lat' dir='ltr'>neque</span> <span class='ocrx_word' id='word_1_304' title='bbox 326 3733 406 3790; x_wconf 85' lang='lat' dir='ltr'>faeta</span> <span class='ocrx_word' id='word_1_305' title='bbox 420 3751 512 3791; x_wconf 87' lang='lat' dir='ltr'>manu</span> <span class='ocrx_word' id='word_1_306' title='bbox 527 3736 599 3791; x_wconf 91' lang='lat' dir='ltr'>sunt</span> <span class='ocrx_word' id='word_1_307' title='bbox 618 3733 708 3794; x_wconf 90' lang='lat' dir='ltr'>unius</span> <span class='ocrx_word' id='word_1_308' title='bbox 723 3727 766 3790; x_wconf 82' lang='lat' dir='ltr'>ed</span> <span class='ocrx_word' id='word_1_309' title='bbox 779 3731 891 3790; x_wconf 77' lang='lat' dir='ltr'>eertum</span> <span class='ocrx_word' id='word_1_310' title='bbox 895 3725 1033 3810; x_wconf 79' lang='lat' dir='ltr'>sormam</span> <span class='ocrx_word' id='word_1_311' title='bbox 1049 3733 1213 3810; x_wconf 79' lang='lat' dir='ltr'>primordia</span> 
     </span>
     <span class='ocr_line' id='line_1_34' title="bbox 75 3828 1210 3910; baseline -0.004 -14"><span class='ocrx_word' id='word_1_312' title='bbox 75 3855 169 3896; x_wconf 87' lang='lat' dir='ltr'>rerum.</span> <span class='ocrx_word' id='word_1_313' title='bbox 197 3830 264 3907; x_wconf 94' lang='lat' dir='ltr'>III,</span> <span class='ocrx_word' id='word_1_314' title='bbox 283 3832 361 3894; x_wconf 74' lang='lat'>144:</span> <span class='ocrx_word' id='word_1_315' title='bbox 378 3830 545 3892; x_wconf 75' lang='lat' dir='ltr'>adnumera</span> <span class='ocrx_word' id='word_1_316' title='bbox 560 3835 670 3898; x_wconf 89' lang='lat' dir='ltr'>mentis</span> <span class='ocrx_word' id='word_1_317' title='bbox 685 3849 858 3910; x_wconf 77' lang='lat' dir='ltr'>momenque</span> <span class='ocrx_word' id='word_1_318' title='bbox 873 3839 1020 3894; x_wconf 84' lang='lat' dir='ltr'>movetur.</span> <span class='ocrx_word' id='word_1_319' title='bbox 1051 3828 1114 3907; x_wconf 89' lang='lat' dir='ltr'>IV,</span> <span class='ocrx_word' id='word_1_320' title='bbox 1132 3832 1210 3894; x_wconf 83' lang='lat'><strong>361:</strong></span> 
     </span>
     <span class='ocr_line' id='line_1_35' title="bbox 76 3933 1166 4018; baseline -0.004 -20"><span class='ocrx_word' id='word_1_321' title='bbox 76 3941 107 3998; x_wconf 92' lang='lat' dir='ltr'>fit</span> <span class='ocrx_word' id='word_1_322' title='bbox 120 3939 194 4018; x_wconf 88' lang='lat' dir='ltr'>quasi</span> <span class='ocrx_word' id='word_1_323' title='bbox 208 3943 244 3998; x_wconf 90' lang='lat' dir='ltr'>ut</span> <span class='ocrx_word' id='word_1_324' title='bbox 259 3933 302 3995; x_wconf 79' lang='lat' dir='ltr'>ad</span> <span class='ocrx_word' id='word_1_325' title='bbox 316 3938 436 3996; x_wconf 74' lang='lat' dir='ltr'>terarum</span> <span class='ocrx_word' id='word_1_326' title='bbox 451 3957 589 3998; x_wconf 79' lang='lat' dir='ltr'>saxorum</span> <span class='ocrx_word' id='word_1_327' title='bbox 604 3941 720 3998; x_wconf 74' lang='lat' dir='ltr'>structa</span> <span class='ocrx_word' id='word_1_328' title='bbox 734 3942 865 3998; x_wconf 81' lang='lat' dir='ltr'>tuemur.</span> <span class='ocrx_word' id='word_1_329' title='bbox 1164 3983 1166 3988; x_wconf 95' lang='lat'>.</span> 
     </span>
    </p>

    <p class='ocr_par' dir='ltr' id='par_1_11' title="bbox 77 4033 1212 4427">
     <span class='ocr_line' id='line_1_36' title="bbox 150 4033 1212 4121; baseline -0.008 -18"><span class='ocrx_word' id='word_1_330' title='bbox 150 4035 182 4121; x_wconf 84' lang='lat' dir='ltr'>g)</span> <span class='ocrx_word' id='word_1_331' title='bbox 206 4035 360 4103; x_wconf 77' lang='lat' dir='ltr'>Refertur</span> <span class='ocrx_word' id='word_1_332' title='bbox 375 4033 417 4098; x_wconf 88' lang='lat' dir='ltr'>ad</span> <span class='ocrx_word' id='word_1_333' title='bbox 432 4034 533 4098; x_wconf 86' lang='lat' dir='ltr'>finem</span> <span class='ocrx_word' id='word_1_334' title='bbox 548 4035 691 4119; x_wconf 86' lang='lat' dir='ltr'>aliquem</span> <span class='ocrx_word' id='word_1_335' title='bbox 706 4040 742 4098; x_wconf 85' lang='lat' dir='ltr'>et</span> <span class='ocrx_word' id='word_1_336' title='bbox 756 4056 852 4098; x_wconf 90' lang='lat' dir='ltr'>usum</span> <span class='ocrx_word' id='word_1_337' title='bbox 868 4040 902 4099; x_wconf 92' lang='lat' dir='ltr'>et</span> <span class='ocrx_word' id='word_1_338' title='bbox 918 4033 1083 4111; x_wconf 76' lang='lat' dir='ltr'>effaetum,</span> <span class='ocrx_word' id='word_1_339' title='bbox 1100 4033 1154 4096; x_wconf 90' lang='lat' dir='ltr'>vel</span> <span class='ocrx_word' id='word_1_340' title='bbox 1170 4033 1212 4096; x_wconf 87' lang='lat' dir='ltr'>ad</span> 
     </span>
     <span class='ocr_line' id='line_1_37' title="bbox 77 4135 1211 4221; baseline -0.004 -19"><span class='ocrx_word' id='word_1_341' title='bbox 77 4139 117 4216; x_wconf 90' lang='lat' dir='ltr'>id,</span> <span class='ocrx_word' id='word_1_342' title='bbox 132 4137 211 4202; x_wconf 82' lang='lat' dir='ltr'>euius</span> <span class='ocrx_word' id='word_1_343' title='bbox 227 4138 354 4204; x_wconf 83' lang='lat' dir='ltr'>ratione</span> <span class='ocrx_word' id='word_1_344' title='bbox 370 4138 485 4208; x_wconf 85' lang='lat' dir='ltr'>habita</span> <span class='ocrx_word' id='word_1_345' title='bbox 499 4137 624 4221; x_wconf 88' lang='lat' dir='ltr'>aliquid</span> <span class='ocrx_word' id='word_1_346' title='bbox 640 4137 836 4216; x_wconf 83' lang='lat' dir='ltr'>affirmatur,</span> <span class='ocrx_word' id='word_1_347' title='bbox 856 4157 918 4220; x_wconf 91' lang='lat' dir='ltr'>quo</span> <span class='ocrx_word' id='word_1_348' title='bbox 935 4135 1104 4220; x_wconf 90' lang='lat' dir='ltr'>pertinent</span> <span class='ocrx_word' id='word_1_349' title='bbox 1118 4157 1211 4218; x_wconf 88' lang='lat' dir='ltr'>prae-</span> 
     </span>
     <span class='ocr_line' id='line_1_38' title="bbox 79 4237 1210 4320; baseline -0.003 -17"><span class='ocrx_word' id='word_1_350' title='bbox 79 4239 190 4305; x_wconf 81' lang='lat' dir='ltr'>toralia</span> <span class='ocrx_word' id='word_1_351' title='bbox 204 4241 303 4306; x_wconf 88' lang='lat' dir='ltr'>etiam</span> <span class='ocrx_word' id='word_1_352' title='bbox 319 4239 619 4304; x_wconf 79' lang='lat' dir='ltr'>adieetivsoumud</span> <span class='ocrx_word' id='word_1_353' title='bbox 633 4239 809 4304; x_wconf 86' lang='lat' dir='ltr'>ooniunota</span> <span class='ocrx_word' id='word_1_354' title='bbox 825 4246 860 4304; x_wconf 89' lang='lat' dir='ltr'>et</span> <span class='ocrx_word' id='word_1_355' title='bbox 875 4261 954 4302; x_wconf 89' lang='lat' dir='ltr'>usus</span> <span class='ocrx_word' id='word_1_356' title='bbox 970 4237 1120 4320; x_wconf 88' lang='lat' dir='ltr'>gerundii</span> <span class='ocrx_word' id='word_1_357' title='bbox 1137 4260 1210 4300; x_wconf 84' lang='lat' dir='ltr'>eum</span> 
     </span>
     <span class='ocr_line' id='line_1_39' title="bbox 81 4342 1210 4427; baseline -0.002 -21"><span class='ocrx_word' id='word_1_358' title='bbox 81 4363 172 4427; x_wconf 86' lang='lat' dir='ltr'>praep.</span> <span class='ocrx_word' id='word_1_359' title='bbox 196 4345 237 4406; x_wconf 83' lang='lat' dir='ltr'>ad</span> <span class='ocrx_word' id='word_1_360' title='bbox 256 4343 310 4426; x_wconf 83' lang='lat' dir='ltr'>(of.</span> <span class='ocrx_word' id='word_1_361' title='bbox 333 4342 443 4410; x_wconf 83' lang='lat' dir='ltr'>Hand.</span> <span class='ocrx_word' id='word_1_362' title='bbox 465 4366 498 4426; x_wconf 89' lang='lat' dir='ltr'>p.</span> <span class='ocrx_word' id='word_1_363' title='bbox 517 4346 602 4426; x_wconf 79' lang='grc'><strong>112).</strong></span> <span class='ocrx_word' id='word_1_364' title='bbox 633 4343 757 4421; x_wconf 82' lang='lat'>1,185:</span> <span class='ocrx_word' id='word_1_365' title='bbox 779 4347 878 4424; x_wconf 88' lang='lat' dir='ltr'>spatio</span> <span class='ocrx_word' id='word_1_366' title='bbox 899 4349 978 4406; x_wconf 78' lang='lat' dir='ltr'>soret</span> <span class='ocrx_word' id='word_1_367' title='bbox 998 4367 1069 4406; x_wconf 87' lang='lat' dir='ltr'>usus</span> <span class='ocrx_word' id='word_1_368' title='bbox 1088 4346 1210 4407; x_wconf 89' lang='lat' dir='ltr'>seminis</span> 
     </span>
    </p>
   </div>
   <div class='ocr_carea' id='block_1_7' title="bbox 0 0 1503 4998">
    <p class='ocr_par' dir='ltr' id='par_1_12' title="bbox 0 0 1503 4998">
     <span class='ocr_line' id='line_1_40' title="bbox 0 0 1503 4998; baseline 0 0"><span class='ocrx_word' id='word_1_369' title='bbox 0 0 1503 4998; x_wconf 95' lang='lat' dir='ltr'> </span> 
     </span>
    </p>
   </div>
  </div>
 </body>
</html>
