2944 4968
316 394 413 440 casus
434 392 736 440 suasmrrlvonon.
762 393 953 438 ouuurrvus.
1169 372 1211 439 49

35 587 77 628 v.
102 567 186 629 957:
204 576 235 630 et
250 574 431 648 tempestate
447 571 479 629 in
494 577 575 628 terra
589 571 732 647 caeloque
748 573 859 642 coorta,
879 571 913 628 in
928 570 1043 628 caelum
1059 572 1213 645 terrasque

35 674 189 730 remotae
208 675 273 732 iura
292 675 453 732 facessunt.
484 668 526 730 V.
550 667 589 732 de
610 666 882 751 interpretatione
905 665 1002 730 huius
1022 666 1213 729 1661116611-

39 792 215 833 mannum
232 769 454 855 (tempestatis
462 770 504 836 ,in
520 771 647 834 caelum
660 777 829 853 terrasque
845 770 1010 834 resolutae
1026 769 1096 832 iura
1111 768 1216 831 faces·

41 873 152 955 sere).
185 896 217 935 v.
237 875 313 937 958:
338 879 584 956 quandoquidem
606 879 650 937 nil
669 883 715 937 est
735 880 792 938 nisi
814 898 881 937 raro
897 872 1025 954 corpori’
1042 898 1129 936 nexu.
1161 870 1215 933 Sic

41 974 196 1038 Lachm.
214 998 271 1059 pro
288 983 366 1041 nihil
381 987 428 1041 est
442 983 501 1041 nisi
515 1002 581 1041 raro
598 1002 721 1060 corpore
736 1001 855 1040 nexum.
887 999 916 1038 v.
937 978 1035 1039 1006:
1053 979 1217 1058 primordia

29 1077 146 1162 ferri.
180 1101 211 1142 v.
235 1082 335 1143 1148:
361 1080 442 1142 cocis
461 1086 510 1144 via
529 1090 633 1163 saepta
652 1086 761 1144 coibat.
793 1102 824 1142 v.
847 1081 946 1142 1153:
972 1078 1052 1140 vitai
1076 1084 1215 1140 claustra.

44 1203 83 1242 v.
99 1183 204 1244 1157:
221 1182 351 1246 leti'iam
361 1187 465 1248 limine
475 1189 506 1246 in
516 1189 591 1266 ipso.
613 1182 705 1246 Infra
720 1204 751 1245 v.
766 1185 848 1247 1998
866 1187 971 1245 limina
986 1187 1050 1246 leti.
1073 1204 1103 1243 v.
1118 1182 1215 1247 llll:

45 1309 111 1347 nec
134 1291 254 1368 requies
276 1294 341 1349 erat
362 1291 425 1349 ulla
443 1286 530 1348 arabi.
562 1309 592 1348 v.
619 1289 717 1349 1205:
741 1291 921 1368 profluvium
942 1309 1030 1366 porro
1051 1289 1103 1366 qui
1125 1281 1218 1344 taetri

47 1388 302 1466 conquiniscere
318 1394 439 1452 exierat.
540 1441 545 1456 ,

147 1489 329 1572 Coniungit
344 1490 520 1579 Lucretius
537 1497 653 1554 neutra
669 1488 908 1552 adiectivorum
923 1494 957 1552 et
973 1486 1219 1572 participiorum

52 1592 143 1674 perf.
162 1615 249 1676 pass.
268 1593 302 1656 in
317 1593 437 1677 plurali
453 1592 637 1677 positorum
653 1613 727 1656 cum
743 1591 906 1674 genetivis
924 1590 1218 1667 substantivorum,

54 1695 99 1757 de
117 1717 183 1776 quo
204 1695 280 1759 vide
295 1696 421 1779 Reisig.
439 1718 578 1779 gramm.
596 1695 656 1758 lat.
673 1719 706 1779 p.
726 1697 786 1759 636
803 1694 913 1776 ibique
932 1693 1090 1757 Haasium
1105 1693 1218 1756 adnot.

56 1799 135 1859 524.
183 1798 237 1860 Sic
253 1799 282 1876 I,
300 1802 340 1862 86
357 1805 454 1883 prima
471 1804 612 1863 virorum.
643 1798 671 1876 I,
690 1801 768 1862 315:
788 1803 948 1881 strataque
964 1804 1023 1860 iam
1039 1802 1122 1878 volgi
1138 1802 1220 1879 pedi·

56 1904 116 1962 bus
142 1906 256 1966 detrita
279 1902 408 1965 caeram.
445 1901 506 1979 IV,
529 1904 608 1966 415:
635 1911 731 1965 strata
753 1908 878 1964 viarum.
910 1900 971 1977 VI,
995 1902 1057 1964 332
1082 1907 1222 1982 penetrat

58 2027 115 2084 per
129 2024 204 2066 rara
219 2004 348 2066 claram.
367 2005 396 2082 I,
408 2007 485 2068 340:
503 2005 694 2086 sublimaque
705 2004 794 2066 cccli.
812 2003 860 2080 ΙΙ,
875 2006 955 2067 1190
973 2009 1093 2066 caeli-
1109 2027 1221 2065 serena.

60 2105 90 2183 I,
115 2107 198 2168 1090
224 2113 259 2170 et
282 2107 343 2185 VI,
367 2110 406 2170 96
432 2114 552 2172 caerula
575 2113 659 2171 caeli.
699 2106 728 2184 I,
752 2109 830 2170 659:
857 2111 951 2170 ardua
974 2111 1047 2169 dum
1070 2112 1223 2180 metuunt,

61 2213 212 2272 amittunt
227 2231 297 2272 vero
316 2209 390 2272 viai.
422 2210 484 2288 IV,
502 2212 580 2274 361:
603 2234 741 2274 saxorum
759 2219 883 2272 structa.
917 2208 947 2285 I,
964 2210 1026 2272 489
1047 2212 1224 2291 peraccepta

63 2311 214 2373 domorum
240 2318 352 2376 clamor
371 2319 397 2376 it
419 2338 452 2376 ac
477 2337 573 2377 voces.
605 2313 665 2389 VI,
684 2315 746 2376 859
772 2321 858 2395 septa
882 2317 1050 2375 domorum.
1082 2308 1143 2387 VI,
1162 2311 1222 2372 951

63 2437 117 2494 per
147 2413 280 2494 dissepta
308 2415 460 2477 domorum
492 2439 578 2478 saxea
607 2439 695 2478 voces
726 2420 921 2498 pervolitant.
961 2413 1008 2491 II,
1035 2416 1096 2476 115
1128 2435 1221 2494 opaca

64 2521 231 2580 domorum.
262 2516 323 2594 IV,
342 2520 419 2579 612:
446 2523 518 2580 dum
542 2523 653 2581 transit
679 2518 785 2580 clausa
810 2518 973 2580 domanam.
1020 2514 1161 2577 Versum
1186 2513 1219 2575 in

65 2618 128 2681 fine
153 2617 308 2681 mutilum
333 2619 478 2703 suplevit
502 2619 735 2682 Lachmannus
760 2641 800 2682 ex
823 2618 908 2682 libro
932 2619 1061 2696 Laoc,
1087 2617 1143 2680 ubi
1169 2622 1221 2678 est

65 2728 151 2784 Inter
164 2729 380 2803 saeptameant
389 2747 476 2787 voees
490 2732 521 2786 ct
536 2728 637 2787 clausa
646 2728 804 2786 domorum
814 2727 1050 2788 Transvolitant.
1066 2719 1127 2795 VI,
1141 2720 1218 2781 561:

66 2848 141 2905 quae
161 2835 233 2888 sunt
252 2830 391 2888 retracta
413 2827 576 2888 domorum.
594 2824 730 2903 V1,990
749 2834 873 2908 propter
888 2829 1065 2888 dissimilem
1081 2831 1221 2886 naturam

67 2931 209 3009 tectaque
224 2948 336 2990 reram.

152 3028 206 3092 Ad
236 3027 428 3110 genetivum
458 3030 634 3112 qualitatis·
662 3029 834 3093 referenda
864 3035 916 3092 est
949 3028 1049 3092 etiam
1081 3027 1223 3090 formula

70 3129 222 3194 Lucretio
243 3131 419 3195 admodum
439 3132 650 3214 frequentata
668 3155 723 3194 acc
738 3155 783 3194 me
798 3133 894 3196 animi
902 3132 1019 3218 solbit,
1037 3130 1082 3192 sic
1098 3130 1128 3206 1,
1147 3131 1219 3192 166.

69 3237 140 3296 999.
157 3233 198 3312 V,
217 3235 268 3298 97.
315 3234 401 3298 Vide
416 3234 568 3300 Lindem.
590 3235 630 3298 ad
647 3235 756 3298 Plaut.
775 3234 848 3298 Mil.
867 3235 952 3318 glor.
970 3233 1036 3312 III,
1055 3236 1085 3310 1,
1103 3235 1177 3295 194.

404 3495 441 3544 ΙΙ.
480 3495 661 3545 Genetivus
680 3495 879 3545 obiectivus.

153 3648 182 3728 a)
206 3646 290 3708 Gen.
303 3645 499 3728 quantitatis.
527 3646 601 3709 Huc
617 3645 762 3730 pertinet
776 3645 915 3730 primum
927 3643 1101 3726 genetivus
1111 3643 1222 3725 pretii,

75 3754 110 3808 ut
123 3747 150 3824 I,
167 3750 227 3811 817
237 3772 244 3808 :
269 3754 373 3830 magni
387 3755 489 3812 refert.
520 3748 549 3828 I,
567 3752 629 3812 998
651 3754 807 3832 permagni
825 3754 944 3811 referre.
978 3746 1025 3825 II,
1045 3749 1104 3811 760
1120 3753 1225 3828 magni

77 3856 150 3932 quod
168 3856 269 3914 refert.
300 3848 348 3928 II,
367 3854 429 3914 888
447 3873 496 3932 sq.
519 3858 622 3933 magni
643 3890 674 3900 -
693 3857 817 3927 referre,
839 3849 921 3912 item
936 3872 967 3914 v.
986 3853 1059 3914 894.
1083 3849 1144 3927 IV,
1163 3852 1225 3914 984
1350 3864 1353 3870 '

79 3960 110 4014 et
125 3955 220 4018 1257:
244 3979 339 4037 usque
355 3959 430 4018 adeo
445 3954 548 4035 mayna'
564 3952 670 4038 referi.
702 3976 733 4015 v.
753 3955 851 4016 1264:
874 3957 905 4016 id
928 3978 1047 4036 quoque
1064 3952 1224 4032 permagni

78 4062 169 4118 refert.
200 4055 242 4133 V,
261 4060 337 4120 545:
366 4063 469 4140 magni
495 4063 595 4120 refert.
627 4056 688 4133 VI,
707 4057 789 4119 1276
807 4077 855 4136 sq.
882 4061 985 4137 magni
1004 4059 1224 4137 pendebantur.

79 4158 197 4240 Deinde
219 4179 295 4240 gen.
318 4159 477 4222 materiae.
508 4160 557 4237 II,
575 4161 636 4222 668
658 4164 781 4222 flumine
803 4164 901 4240 aquai.
933 4157 974 4234 V,
992 4160 1053 4219 949
1071 4179 1138 4239 sq:
1160 4163 1225 4239 qui·

79 4267 129 4324 bus
148 4286 162 4324 e
183 4267 301 4325 scibant
325 4261 433 4324 amori'
454 4268 568 4326 fluenta
591 4267 707 4325 lubrica
732 4268 868 4344 proluvie
896 4267 980 4340 larga
1004 4266 1102 4324 lavere
1124 4265 1227 4322 umida

80 4388 148 4428 saxa.
192 4363 244 4426 Sic
266 4364 403 4426 Lachm.
428 4385 494 4426 sec.
516 4364 703 4428 Bentleium
729 4385 787 4447 pro
814 4384 926 4426 amore.
960 4385 990 4424 v.
1011 4366 1109 4427 1418:
1130 4361 1212 4442 pell·

126 4467 206 4514 Hollze,
222 4468 370 4507 Lineamenta.
996 4470 1014 4516 4
