<?xml version="1.0" encoding="UTF-8"?>
<!DOCTYPE html PUBLIC "-//W3C//DTD XHTML 1.0 Transitional//EN"
    "http://www.w3.org/TR/xhtml1/DTD/xhtml1-transitional.dtd">
<html xmlns="http://www.w3.org/1999/xhtml" xml:lang="en" lang="en">
 <head>
  <title>
</title>
<meta http-equiv="Content-Type" content="text/html;charset=utf-8" />
  <meta name='ocr-system' content='tesseract 3.04.00' />
  <meta name='ocr-capabilities' content='ocr_page ocr_carea ocr_par ocr_line ocrx_word'/>
</head>
<body>
  <div class='ocr_page' id='page_1' title='image "./syntaxislucreti01holtgoog_0176.png"; bbox 0 0 2932 4966; ppageno 0'>
   <div class='ocr_carea' id='block_1_1' title="bbox 575 365 1257 442">
    <p class='ocr_par' dir='ltr' id='par_1_1' title="bbox 575 365 1257 442">
     <span class='ocr_line' id='line_1_1' title="bbox 575 365 1257 442; baseline 0.001 -16"><span class='ocrx_word' id='word_1_1' title='bbox 575 383 648 441; x_wconf 78' lang='lat' dir='ltr'>suc,</span> <span class='ocrx_word' id='word_1_2' title='bbox 674 382 793 442; x_wconf 70' lang='lat' dir='ltr'>usqua.</span> <span class='ocrx_word' id='word_1_3' title='bbox 1018 377 1021 386; x_wconf 79' lang='grc'><em>’</em></span> <span class='ocrx_word' id='word_1_4' title='bbox 1199 365 1257 427; x_wconf 86' lang='grc'>167</span> 
     </span>
    </p>
   </div>
   <div class='ocr_carea' id='block_1_2' title="bbox 102 553 1260 841">
    <p class='ocr_par' dir='ltr' id='par_1_2' title="bbox 102 553 1260 841">
     <span class='ocr_line' id='line_1_2' title="bbox 103 553 1259 637; baseline 0.003 -24"><span class='ocrx_word' id='word_1_5' title='bbox 103 556 210 616; x_wconf 89' lang='lat' dir='ltr'>obstat</span> <span class='ocrx_word' id='word_1_6' title='bbox 229 559 293 614; x_wconf 88' lang='grc'><strong>666.</strong></span> <span class='ocrx_word' id='word_1_7' title='bbox 326 575 358 614; x_wconf 92' lang='lat' dir='ltr'>v.</span> <span class='ocrx_word' id='word_1_8' title='bbox 378 553 436 615; x_wconf 98' lang='grc'>761</span> <span class='ocrx_word' id='word_1_9' title='bbox 455 575 521 633; x_wconf 84' lang='lat' dir='ltr'>eq.:</span> <span class='ocrx_word' id='word_1_10' title='bbox 544 577 684 634; x_wconf 79' lang='lat' dir='ltr'><strong>quaeram</strong></span> <span class='ocrx_word' id='word_1_11' title='bbox 706 576 759 614; x_wconf 89' lang='lat' dir='ltr'>eur</span> <span class='ocrx_word' id='word_1_12' title='bbox 778 577 794 614; x_wconf 90' lang='lat' dir='ltr'>e</span> <span class='ocrx_word' id='word_1_13' title='bbox 815 557 944 633; x_wconf 75' lang='lat' dir='ltr'><strong>sapienti</strong></span> <span class='ocrx_word' id='word_1_14' title='bbox 965 559 1060 616; x_wconf 85' lang='lat' dir='ltr'>stulta</span> <span class='ocrx_word' id='word_1_15' title='bbox 1080 563 1171 637; x_wconf 86' lang='lat' dir='ltr'>queat</span> <span class='ocrx_word' id='word_1_16' title='bbox 1186 558 1259 632; x_wconf 80' lang='lat' dir='ltr'>fleri,</span> 
     </span>
     <span class='ocr_line' id='line_1_3' title="bbox 102 660 1260 738; baseline 0.003 -24"><span class='ocrx_word' id='word_1_17' title='bbox 102 675 161 716; x_wconf 81' lang='lat' dir='ltr'>aec</span> <span class='ocrx_word' id='word_1_18' title='bbox 178 660 306 738; x_wconf 88' lang='lat' dir='ltr'>prudens</span> <span class='ocrx_word' id='word_1_19' title='bbox 322 661 363 717; x_wconf 90' lang='lat' dir='ltr'>sit</span> <span class='ocrx_word' id='word_1_20' title='bbox 378 679 453 737; x_wconf 88' lang='lat' dir='ltr'>puer</span> <span class='ocrx_word' id='word_1_21' title='bbox 468 660 557 732; x_wconf 89' lang='lat' dir='ltr'>ullus,</span> <span class='ocrx_word' id='word_1_22' title='bbox 573 675 627 716; x_wconf 80' lang='lat' dir='ltr'>aec</span> <span class='ocrx_word' id='word_1_23' title='bbox 642 663 705 718; x_wconf 90' lang='lat' dir='ltr'>tam</span> <span class='ocrx_word' id='word_1_24' title='bbox 721 660 828 718; x_wconf 85' lang='lat' dir='ltr'>doctus</span> <span class='ocrx_word' id='word_1_25' title='bbox 845 679 938 736; x_wconf 89' lang='lat' dir='ltr'>equae</span> <span class='ocrx_word' id='word_1_26' title='bbox 955 661 1056 738; x_wconf 90' lang='lat' dir='ltr'>pullus</span> <span class='ocrx_word' id='word_1_27' title='bbox 1072 681 1162 737; x_wconf 90' lang='lat' dir='ltr'>quam</span> <span class='ocrx_word' id='word_1_28' title='bbox 1173 661 1260 718; x_wconf 88' lang='lat' dir='ltr'>fortis</span> 
     </span>
     <span class='ocr_line' id='line_1_4' title="bbox 103 755 1259 841; baseline 0 -23"><span class='ocrx_word' id='word_1_29' title='bbox 103 763 180 839; x_wconf 91' lang='lat' dir='ltr'>equi</span> <span class='ocrx_word' id='word_1_30' title='bbox 198 761 261 822; x_wconf 73' lang='lat' dir='ltr'>vis?</span> <span class='ocrx_word' id='word_1_31' title='bbox 294 761 363 841; x_wconf 82' lang='lat' dir='ltr'>(pro</span> <span class='ocrx_word' id='word_1_32' title='bbox 390 756 495 820; x_wconf 89' lang='lat' dir='ltr'>altero</span> <span class='ocrx_word' id='word_1_33' title='bbox 516 779 570 818; x_wconf 81' lang='lat' dir='ltr'>uec</span> <span class='ocrx_word' id='word_1_34' title='bbox 591 755 695 840; x_wconf 89' lang='lat' dir='ltr'>prima</span> <span class='ocrx_word' id='word_1_35' title='bbox 715 779 813 819; x_wconf 88' lang='lat' dir='ltr'>mauu</span> <span class='ocrx_word' id='word_1_36' title='bbox 835 756 998 840; x_wconf 86' lang='lat' dir='ltr'>oblongus</span> <span class='ocrx_word' id='word_1_37' title='bbox 1019 757 1090 838; x_wconf 79' lang='lat' dir='ltr'>Ne).</span> <span class='ocrx_word' id='word_1_38' title='bbox 1127 782 1157 820; x_wconf 90' lang='lat' dir='ltr'>v.</span> <span class='ocrx_word' id='word_1_39' title='bbox 1180 762 1259 821; x_wconf 84' lang='lat'>985:</span> 
     </span>
    </p>
   </div>
   <div class='ocr_carea' id='block_1_3' title="bbox 101 865 1346 1456">
    <p class='ocr_par' dir='ltr' id='par_1_3' title="bbox 101 865 1346 1456">
     <span class='ocr_line' id='line_1_5' title="bbox 104 865 1262 944; baseline 0.004 -25"><span class='ocrx_word' id='word_1_40' title='bbox 104 880 162 920; x_wconf 83' lang='lat' dir='ltr'>nec</span> <span class='ocrx_word' id='word_1_41' title='bbox 179 865 257 942; x_wconf 93' lang='lat' dir='ltr'>quod</span> <span class='ocrx_word' id='word_1_42' title='bbox 271 865 328 922; x_wconf 90' lang='lat' dir='ltr'>sub</span> <span class='ocrx_word' id='word_1_43' title='bbox 344 884 454 941; x_wconf 86' lang='lat' dir='ltr'>magno</span> <span class='ocrx_word' id='word_1_44' title='bbox 469 869 642 923; x_wconf 87' lang='lat' dir='ltr'>scrutentur</span> <span class='ocrx_word' id='word_1_45' title='bbox 657 870 778 942; x_wconf 89' lang='lat' dir='ltr'>pectore</span> <span class='ocrx_word' id='word_1_46' title='bbox 789 865 949 942; x_wconf 89' lang='lat' dir='ltr'>quicquam</span> <span class='ocrx_word' id='word_1_47' title='bbox 966 897 994 904; x_wconf 78' lang='lat'><em>—</em></span> <span class='ocrx_word' id='word_1_48' title='bbox 1012 870 1138 941; x_wconf 86' lang='lat' dir='ltr'>possunt</span> <span class='ocrx_word' id='word_1_49' title='bbox 1152 867 1262 944; x_wconf 90' lang='lat' dir='ltr'>reperi·</span> 
     </span>
     <span class='ocr_line' id='line_1_6' title="bbox 102 961 1346 1046; baseline 0.002 -23"><span class='ocrx_word' id='word_1_50' title='bbox 102 986 146 1024; x_wconf 90' lang='lat' dir='ltr'>re.</span> <span class='ocrx_word' id='word_1_51' title='bbox 176 961 232 1044; x_wconf 84' lang='lat' dir='ltr'>(Ne</span> <span class='ocrx_word' id='word_1_52' title='bbox 246 961 351 1046; x_wconf 87' lang='lat' dir='ltr'>prima</span> <span class='ocrx_word' id='word_1_53' title='bbox 366 983 465 1024; x_wconf 90' lang='lat' dir='ltr'>mauu</span> <span class='ocrx_word' id='word_1_54' title='bbox 480 961 667 1045; x_wconf 85' lang='lat' dir='ltr'>oblongus).</span> <span class='ocrx_word' id='word_1_55' title='bbox 690 962 751 1041; x_wconf 90' lang='lat' dir='ltr'>IV,</span> <span class='ocrx_word' id='word_1_56' title='bbox 764 965 826 1025; x_wconf 90' lang='grc'>226</span> <span class='ocrx_word' id='word_1_57' title='bbox 837 985 908 1044; x_wconf 90' lang='lat' dir='ltr'>sqq.</span> <span class='ocrx_word' id='word_1_58' title='bbox 921 985 926 1021; x_wconf 92' lang='lat'><strong>:</strong></span> <span class='ocrx_word' id='word_1_59' title='bbox 944 969 976 1027; x_wconf 90' lang='lat' dir='ltr'>in</span> <span class='ocrx_word' id='word_1_60' title='bbox 995 973 1118 1026; x_wconf 88' lang='lat' dir='ltr'>cunctas</span> <span class='ocrx_word' id='word_1_61' title='bbox 1134 967 1263 1027; x_wconf 90' lang='lat' dir='ltr'>dimitti·</span> <span class='ocrx_word' id='word_1_62' title='bbox 1334 962 1346 976; x_wconf 48' lang='lat'>⁸*</span> 
     </span>
     <span class='ocr_line' id='line_1_7' title="bbox 103 1064 1260 1148; baseline -0.001 -22"><span class='ocrx_word' id='word_1_63' title='bbox 103 1073 159 1126; x_wconf 89' lang='lat' dir='ltr'>tur</span> <span class='ocrx_word' id='word_1_64' title='bbox 180 1099 209 1110; x_wconf 47' lang='grc' dir='ltr'><em>ω</em></span> <span class='ocrx_word' id='word_1_65' title='bbox 230 1070 333 1148; x_wconf 85' lang='lat' dir='ltr'>partis,</span> <span class='ocrx_word' id='word_1_66' title='bbox 355 1087 410 1126; x_wconf 81' lang='lat' dir='ltr'>aec</span> <span class='ocrx_word' id='word_1_67' title='bbox 428 1090 512 1128; x_wconf 89' lang='lat' dir='ltr'>mora</span> <span class='ocrx_word' id='word_1_68' title='bbox 531 1087 586 1126; x_wconf 78' lang='lat' dir='ltr'>uec</span> <span class='ocrx_word' id='word_1_69' title='bbox 607 1071 724 1147; x_wconf 82' lang='lat' dir='ltr'>requies</span> <span class='ocrx_word' id='word_1_70' title='bbox 745 1071 931 1129; x_wconf 86' lang='lat' dir='ltr'>interdatur</span> <span class='ocrx_word' id='word_1_71' title='bbox 946 1071 1008 1128; x_wconf 90' lang='lat' dir='ltr'>ulla</span> <span class='ocrx_word' id='word_1_72' title='bbox 1023 1071 1145 1129; x_wconf 86' lang='lat' dir='ltr'>fluendi.</span> <span class='ocrx_word' id='word_1_73' title='bbox 1177 1064 1219 1126; x_wconf 91' lang='lat' dir='ltr'>H.</span> <span class='ocrx_word' id='word_1_74' title='bbox 1237 1065 1260 1126; x_wconf 95' lang='lat' dir='ltr'>l.</span> 
     </span>
     <span class='ocr_line' id='line_1_8' title="bbox 101 1164 1263 1251; baseline 0.001 -24"><span class='ocrx_word' id='word_1_75' title='bbox 101 1165 198 1248; x_wconf 87' lang='lat' dir='ltr'>prius</span> <span class='ocrx_word' id='word_1_76' title='bbox 221 1188 274 1229; x_wconf 82' lang='lat' dir='ltr'>aec</span> <span class='ocrx_word' id='word_1_77' title='bbox 298 1166 450 1250; x_wconf 84' lang='lat' dir='ltr'>adiungit</span> <span class='ocrx_word' id='word_1_78' title='bbox 479 1169 558 1230; x_wconf 88' lang='lat' dir='ltr'>haee</span> <span class='ocrx_word' id='word_1_79' title='bbox 588 1164 810 1230; x_wconf 86' lang='lat' dir='ltr'>enunciatioui</span> <span class='ocrx_word' id='word_1_80' title='bbox 841 1167 1013 1251; x_wconf 82' lang='lat' dir='ltr'>superiori,</span> <span class='ocrx_word' id='word_1_81' title='bbox 1045 1167 1185 1230; x_wconf 88' lang='lat' dir='ltr'>alterum</span> <span class='ocrx_word' id='word_1_82' title='bbox 1210 1189 1263 1228; x_wconf 80' lang='lat' dir='ltr'>aec</span> 
     </span>
     <span class='ocr_line' id='line_1_9' title="bbox 104 1267 1264 1352; baseline 0.003 -22"><span class='ocrx_word' id='word_1_83' title='bbox 104 1267 280 1351; x_wconf 81' lang='lat' dir='ltr'>coniungit</span> <span class='ocrx_word' id='word_1_84' title='bbox 300 1291 415 1332; x_wconf 87' lang='lat' dir='ltr'>vocem</span> <span class='ocrx_word' id='word_1_85' title='bbox 436 1276 552 1352; x_wconf 82' lang='lat' dir='ltr'>requies</span> <span class='ocrx_word' id='word_1_86' title='bbox 573 1291 646 1332; x_wconf 91' lang='lat' dir='ltr'>cum</span> <span class='ocrx_word' id='word_1_87' title='bbox 667 1295 759 1334; x_wconf 91' lang='lat' dir='ltr'>mora.</span> <span class='ocrx_word' id='word_1_88' title='bbox 795 1293 826 1332; x_wconf 94' lang='lat' dir='ltr'>v.</span> <span class='ocrx_word' id='word_1_89' title='bbox 849 1273 927 1334; x_wconf 82' lang='lat'>615:</span> <span class='ocrx_word' id='word_1_90' title='bbox 949 1270 1023 1347; x_wconf 84' lang='lat' dir='ltr'>Nec,</span> <span class='ocrx_word' id='word_1_91' title='bbox 1046 1276 1098 1352; x_wconf 90' lang='lat' dir='ltr'>qui</span> <span class='ocrx_word' id='word_1_92' title='bbox 1118 1276 1264 1334; x_wconf 68' lang='lat' dir='ltr'>sentimus</span> 
     </span>
     <span class='ocr_line' id='line_1_10' title="bbox 103 1371 1263 1456; baseline -0.001 -22"><span class='ocrx_word' id='word_1_93' title='bbox 103 1397 221 1450; x_wconf 86' lang='lat' dir='ltr'>sucum,</span> <span class='ocrx_word' id='word_1_94' title='bbox 243 1379 349 1455; x_wconf 86' lang='lat' dir='ltr'>lingua</span> <span class='ocrx_word' id='word_1_95' title='bbox 363 1381 455 1456; x_wconf 86' lang='lat' dir='ltr'>atque</span> <span class='ocrx_word' id='word_1_96' title='bbox 472 1379 607 1456; x_wconf 86' lang='lat' dir='ltr'>palatum</span> <span class='ocrx_word' id='word_1_97' title='bbox 623 1379 795 1456; x_wconf 90' lang='lat' dir='ltr'>plusculum</span> <span class='ocrx_word' id='word_1_98' title='bbox 810 1379 925 1436; x_wconf 87' lang='lat' dir='ltr'>habent</span> <span class='ocrx_word' id='word_1_99' title='bbox 946 1379 977 1436; x_wconf 88' lang='lat' dir='ltr'>in</span> <span class='ocrx_word' id='word_1_100' title='bbox 998 1400 1028 1436; x_wconf 86' lang='lat' dir='ltr'>se</span> <span class='ocrx_word' id='word_1_101' title='bbox 1044 1379 1179 1436; x_wconf 87' lang='lat' dir='ltr'>rationis.</span> <span class='ocrx_word' id='word_1_102' title='bbox 1211 1371 1263 1434; x_wconf 80' lang='lat' dir='ltr'>Sic</span> 
     </span>
    </p>
   </div>
   <div class='ocr_carea' id='block_1_4' title="bbox 104 1474 1331 4330">
    <p class='ocr_par' dir='ltr' id='par_1_4' title="bbox 104 1474 1331 3797">
     <span class='ocr_line' id='line_1_11' title="bbox 104 1474 1263 1558; baseline 0.003 -24"><span class='ocrx_word' id='word_1_103' title='bbox 104 1480 197 1538; x_wconf 87' lang='lat' dir='ltr'>recte</span> <span class='ocrx_word' id='word_1_104' title='bbox 218 1476 382 1538; x_wconf 80' lang='lat' dir='ltr'>Marullus</span> <span class='ocrx_word' id='word_1_105' title='bbox 402 1474 466 1537; x_wconf 87' lang='lat' dir='ltr'>Nec</span> <span class='ocrx_word' id='word_1_106' title='bbox 489 1497 545 1558; x_wconf 89' lang='lat' dir='ltr'>pro</span> <span class='ocrx_word' id='word_1_107' title='bbox 567 1474 644 1536; x_wconf 85' lang='lat' dir='ltr'>Hoc.</span> <span class='ocrx_word' id='word_1_108' title='bbox 676 1498 708 1538; x_wconf 92' lang='lat' dir='ltr'>v.</span> <span class='ocrx_word' id='word_1_109' title='bbox 728 1478 821 1539; x_wconf 87' lang='grc'><strong>1066.</strong></span> <span class='ocrx_word' id='word_1_110' title='bbox 841 1477 935 1540; x_wconf 93' lang='grc'><strong>1073.</strong></span> <span class='ocrx_word' id='word_1_111' title='bbox 958 1477 1039 1539; x_wconf 94' lang='grc'><strong>1078</strong></span> <span class='ocrx_word' id='word_1_112' title='bbox 1060 1497 1113 1537; x_wconf 82' lang='lat' dir='ltr'>aec</span> <span class='ocrx_word' id='word_1_113' title='bbox 1136 1485 1263 1538; x_wconf 85' lang='lat' dir='ltr'>constat.</span> 
     </span>
     <span class='ocr_line' id='line_1_12' title="bbox 104 1578 1264 1655; baseline 0.002 -17"><span class='ocrx_word' id='word_1_114' title='bbox 104 1599 137 1638; x_wconf 91' lang='lat' dir='ltr'>v.</span> <span class='ocrx_word' id='word_1_115' title='bbox 160 1581 253 1641; x_wconf 91' lang='grc'><strong>1102.</strong></span> <span class='ocrx_word' id='word_1_116' title='bbox 281 1580 375 1642; x_wconf 89' lang='grc'><strong>1103.</strong></span> <span class='ocrx_word' id='word_1_117' title='bbox 405 1580 498 1641; x_wconf 91' lang='grc'><strong>1192.</strong></span> <span class='ocrx_word' id='word_1_118' title='bbox 526 1580 619 1641; x_wconf 91' lang='grc'><strong>1197.</strong></span> <span class='ocrx_word' id='word_1_119' title='bbox 646 1579 740 1641; x_wconf 90' lang='grc'><strong>1233.</strong></span> <span class='ocrx_word' id='word_1_120' title='bbox 766 1581 859 1642; x_wconf 88' lang='grc'><strong>1268.</strong></span> <span class='ocrx_word' id='word_1_121' title='bbox 886 1581 979 1642; x_wconf 89' lang='grc'><strong>1278.</strong></span> <span class='ocrx_word' id='word_1_122' title='bbox 1011 1578 1052 1655; x_wconf 88' lang='lat' dir='ltr'>V,</span> <span class='ocrx_word' id='word_1_123' title='bbox 1072 1581 1123 1640; x_wconf 84' lang='lat'>58.</span> <span class='ocrx_word' id='word_1_124' title='bbox 1142 1580 1193 1640; x_wconf 90' lang='grc'><strong>61.</strong></span> <span class='ocrx_word' id='word_1_125' title='bbox 1212 1579 1264 1640; x_wconf 87' lang='grc'>97.</span> 
     </span>
     <span class='ocr_line' id='line_1_13' title="bbox 106 1682 1264 1744; baseline -0.002 -2"><span class='ocrx_word' id='word_1_126' title='bbox 106 1683 181 1742; x_wconf 91' lang='grc'><strong>102.</strong></span> <span class='ocrx_word' id='word_1_127' title='bbox 209 1683 282 1744; x_wconf 93' lang='grc'><strong>130.</strong></span> <span class='ocrx_word' id='word_1_128' title='bbox 310 1683 382 1744; x_wconf 90' lang='grc'><strong>160.</strong></span> <span class='ocrx_word' id='word_1_129' title='bbox 409 1683 482 1744; x_wconf 89' lang='grc'><strong>163.</strong></span> <span class='ocrx_word' id='word_1_130' title='bbox 510 1684 581 1744; x_wconf 90' lang='grc'><strong>180.</strong></span> <span class='ocrx_word' id='word_1_131' title='bbox 607 1683 679 1744; x_wconf 92' lang='grc'><strong>229.</strong></span> <span class='ocrx_word' id='word_1_132' title='bbox 705 1683 778 1744; x_wconf 89' lang='grc'><strong>231.</strong></span> <span class='ocrx_word' id='word_1_133' title='bbox 802 1684 875 1744; x_wconf 91' lang='grc'><strong>249.</strong></span> <span class='ocrx_word' id='word_1_134' title='bbox 901 1684 1069 1744; x_wconf 83' lang='grc'><strong>292299.</strong></span> <span class='ocrx_word' id='word_1_135' title='bbox 1094 1682 1167 1744; x_wconf 91' lang='grc'><strong>314.</strong></span> <span class='ocrx_word' id='word_1_136' title='bbox 1191 1682 1264 1742; x_wconf 90' lang='grc'><strong>323.</strong></span> 
     </span>
     <span class='ocr_line' id='line_1_14' title="bbox 105 1783 1268 1864; baseline 0 -20"><span class='ocrx_word' id='word_1_137' title='bbox 105 1783 181 1846; x_wconf 88' lang='grc'><strong>331.</strong></span> <span class='ocrx_word' id='word_1_138' title='bbox 199 1785 273 1846; x_wconf 87' lang='grc'><strong>348.</strong></span> <span class='ocrx_word' id='word_1_139' title='bbox 291 1785 364 1846; x_wconf 90' lang='grc'><strong>353.</strong></span> <span class='ocrx_word' id='word_1_140' title='bbox 383 1784 456 1845; x_wconf 87' lang='grc'><strong>358.</strong></span> <span class='ocrx_word' id='word_1_141' title='bbox 474 1785 534 1847; x_wconf 88' lang='grc'>361</span> <span class='ocrx_word' id='word_1_142' title='bbox 547 1805 596 1864; x_wconf 85' lang='lat' dir='ltr'>sq.</span> <span class='ocrx_word' id='word_1_143' title='bbox 615 1784 688 1846; x_wconf 85' lang='lat'>385.</span> <span class='ocrx_word' id='word_1_144' title='bbox 707 1787 780 1847; x_wconf 88' lang='grc'><strong>502.</strong></span> <span class='ocrx_word' id='word_1_145' title='bbox 799 1787 876 1847; x_wconf 75' lang='grc' dir='ltr'><strong>564ι</strong></span> <span class='ocrx_word' id='word_1_146' title='bbox 898 1783 962 1846; x_wconf 82' lang='grc' dir='ltr'>Ν66</span> <span class='ocrx_word' id='word_1_147' title='bbox 977 1789 1071 1846; x_wconf 89' lang='lat' dir='ltr'>nimio</span> <span class='ocrx_word' id='word_1_148' title='bbox 1087 1789 1157 1846; x_wconf 85' lang='lat' dir='ltr'>solis</span> <span class='ocrx_word' id='word_1_149' title='bbox 1173 1789 1268 1846; x_wconf 88' lang='lat' dir='ltr'>maior</span> 
     </span>
     <span class='ocr_line' id='line_1_15' title="bbox 105 1884 1267 1970; baseline -0.003 -23"><span class='ocrx_word' id='word_1_150' title='bbox 105 1895 175 1950; x_wconf 88' lang='lat' dir='ltr'>rota</span> <span class='ocrx_word' id='word_1_151' title='bbox 189 1907 242 1948; x_wconf 80' lang='lat' dir='ltr'>acc</span> <span class='ocrx_word' id='word_1_152' title='bbox 258 1891 357 1948; x_wconf 86' lang='lat' dir='ltr'>minor</span> <span class='ocrx_word' id='word_1_153' title='bbox 371 1891 461 1948; x_wconf 89' lang='lat' dir='ltr'>ardor</span> <span class='ocrx_word' id='word_1_154' title='bbox 476 1911 538 1949; x_wconf 89' lang='lat' dir='ltr'>esse</span> <span class='ocrx_word' id='word_1_155' title='bbox 555 1896 656 1970; x_wconf 85' lang='lat' dir='ltr'>potest</span> <span class='ocrx_word' id='word_1_156' title='bbox 673 1894 751 1963; x_wconf 66' lang='lat' dir='ltr'>eto„</span> <span class='ocrx_word' id='word_1_157' title='bbox 767 1885 825 1948; x_wconf 91' lang='lat' dir='ltr'>ubi</span> <span class='ocrx_word' id='word_1_158' title='bbox 840 1885 930 1970; x_wconf 88' lang='lat' dir='ltr'>prius</span> <span class='ocrx_word' id='word_1_159' title='bbox 946 1908 1000 1947; x_wconf 81' lang='lat' dir='ltr'>uec</span> <span class='ocrx_word' id='word_1_160' title='bbox 1016 1884 1167 1967; x_wconf 85' lang='lat' dir='ltr'>adiungit</span> <span class='ocrx_word' id='word_1_161' title='bbox 1183 1887 1267 1948; x_wconf 88' lang='lat' dir='ltr'>hano</span> 
     </span>
     <span class='ocr_line' id='line_1_16' title="bbox 106 1986 1268 2071; baseline 0 -23"><span class='ocrx_word' id='word_1_162' title='bbox 106 1987 308 2052; x_wconf 89' lang='lat' dir='ltr'>sententiam</span> <span class='ocrx_word' id='word_1_163' title='bbox 326 1986 499 2071; x_wconf 74' lang='lat' dir='ltr'>prioribuS,</span> <span class='ocrx_word' id='word_1_164' title='bbox 521 1993 559 2050; x_wconf 87' lang='lat' dir='ltr'>ut</span> <span class='ocrx_word' id='word_1_165' title='bbox 579 1987 623 2050; x_wconf 87' lang='lat' dir='ltr'>sit</span> <span class='ocrx_word' id='word_1_166' title='bbox 644 1987 729 2051; x_wconf 89' lang='lat' dir='ltr'>idem</span> <span class='ocrx_word' id='word_1_167' title='bbox 751 1988 838 2070; x_wconf 91' lang='lat' dir='ltr'>quod</span> <span class='ocrx_word' id='word_1_168' title='bbox 855 1994 884 2050; x_wconf 73' lang='lat' dir='ltr'>et</span> <span class='ocrx_word' id='word_1_169' title='bbox 899 2010 969 2064; x_wconf 72' lang='lat' dir='ltr'>arou,</span> <span class='ocrx_word' id='word_1_170' title='bbox 993 1988 1133 2050; x_wconf 83' lang='lat' dir='ltr'>alterum</span> <span class='ocrx_word' id='word_1_171' title='bbox 1149 2009 1202 2048; x_wconf 81' lang='lat' dir='ltr'>aec</span> <span class='ocrx_word' id='word_1_172' title='bbox 1219 2009 1268 2049; x_wconf 91' lang='lat' dir='ltr'>se·</span> 
     </span>
     <span class='ocr_line' id='line_1_17' title="bbox 107 2089 1266 2175; baseline -0.001 -23"><span class='ocrx_word' id='word_1_173' title='bbox 107 2092 250 2154; x_wconf 83' lang='lat' dir='ltr'>eundum</span> <span class='ocrx_word' id='word_1_174' title='bbox 266 2090 466 2154; x_wconf 86' lang='lat' dir='ltr'>seutentiam</span> <span class='ocrx_word' id='word_1_175' title='bbox 483 2090 632 2154; x_wconf 86' lang='lat' dir='ltr'>adnectit</span> <span class='ocrx_word' id='word_1_176' title='bbox 645 2089 755 2175; x_wconf 85' lang='lat' dir='ltr'><strong>priori.</strong></span> <span class='ocrx_word' id='word_1_177' title='bbox 783 2115 812 2153; x_wconf 96' lang='lat' dir='ltr'>v.</span> <span class='ocrx_word' id='word_1_178' title='bbox 826 2095 898 2154; x_wconf 88' lang='grc'><strong>614.</strong></span> <span class='ocrx_word' id='word_1_179' title='bbox 917 2092 990 2153; x_wconf 88' lang='grc'><strong>672.</strong></span> <span class='ocrx_word' id='word_1_180' title='bbox 1010 2094 1082 2154; x_wconf 89' lang='grc'><strong>698.</strong></span> <span class='ocrx_word' id='word_1_181' title='bbox 1102 2092 1173 2154; x_wconf 90' lang='grc'><strong>719.</strong></span> <span class='ocrx_word' id='word_1_182' title='bbox 1193 2092 1266 2153; x_wconf 88' lang='grc'><strong>830.</strong></span> 
     </span>
     <span class='ocr_line' id='line_1_18' title="bbox 107 2197 1261 2277; baseline -0.002 -21"><span class='ocrx_word' id='word_1_183' title='bbox 107 2197 171 2258; x_wconf 89' lang='grc'><strong>846</strong></span> <span class='ocrx_word' id='word_1_184' title='bbox 187 2217 278 2276; x_wconf 89' lang='lat' dir='ltr'>sqq.:</span> <span class='ocrx_word' id='word_1_185' title='bbox 302 2199 466 2258; x_wconf 67' lang='lat' dir='ltr'>absterruit</span> <span class='ocrx_word' id='word_1_186' title='bbox 487 2231 518 2240; x_wconf 89' lang='lat'>-—</span> <span class='ocrx_word' id='word_1_187' title='bbox 539 2215 593 2255; x_wconf 83' lang='lat' dir='ltr'>aee</span> <span class='ocrx_word' id='word_1_188' title='bbox 614 2204 740 2277; x_wconf 92' lang='lat' dir='ltr'>potuere</span> <span class='ocrx_word' id='word_1_189' title='bbox 761 2233 790 2238; x_wconf 81' lang='lat'>-</span> <span class='ocrx_word' id='word_1_190' title='bbox 812 2205 937 2274; x_wconf 86' lang='lat' dir='ltr'>tangere</span> <span class='ocrx_word' id='word_1_191' title='bbox 959 2230 989 2239; x_wconf 84' lang='lat'>-·</span> <span class='ocrx_word' id='word_1_192' title='bbox 1010 2215 1064 2254; x_wconf 83' lang='lat' dir='ltr'>aec</span> <span class='ocrx_word' id='word_1_193' title='bbox 1079 2199 1209 2276; x_wconf 87' lang='lat' dir='ltr'>reperire</span> <span class='ocrx_word' id='word_1_194' title='bbox 1231 2230 1261 2238; x_wconf 72' lang='grc'>-</span> 
     </span>
     <span class='ocr_line' id='line_1_19' title="bbox 107 2298 1267 2380; baseline -0.003 -22"><span class='ocrx_word' id='word_1_195' title='bbox 107 2319 163 2360; x_wconf 81' lang='lat' dir='ltr'>aec</span> <span class='ocrx_word' id='word_1_196' title='bbox 177 2303 273 2380; x_wconf 85' lang='lat' dir='ltr'>iungi.</span> <span class='ocrx_word' id='word_1_197' title='bbox 307 2319 336 2358; x_wconf 91' lang='lat' dir='ltr'>v.</span> <span class='ocrx_word' id='word_1_198' title='bbox 355 2299 428 2358; x_wconf 88' lang='lat'>856.</span> <span class='ocrx_word' id='word_1_199' title='bbox 447 2298 508 2358; x_wconf 94' lang='grc'>928</span> <span class='ocrx_word' id='word_1_200' title='bbox 525 2319 597 2378; x_wconf 83' lang='lat' dir='ltr'>sqq.</span> <span class='ocrx_word' id='word_1_201' title='bbox 620 2301 727 2359; x_wconf 85' lang='lat' dir='ltr'>validis</span> <span class='ocrx_word' id='word_1_202' title='bbox 747 2305 851 2378; x_wconf 89' lang='lat' dir='ltr'>aptum</span> <span class='ocrx_word' id='word_1_203' title='bbox 875 2321 927 2378; x_wconf 93' lang='lat' dir='ltr'>per</span> <span class='ocrx_word' id='word_1_204' title='bbox 949 2302 1061 2359; x_wconf 85' lang='lat' dir='ltr'>viscera</span> <span class='ocrx_word' id='word_1_205' title='bbox 1083 2301 1191 2372; x_wconf 88' lang='lat' dir='ltr'>nervis,</span> <span class='ocrx_word' id='word_1_206' title='bbox 1214 2316 1267 2356; x_wconf 80' lang='lat' dir='ltr'>aee</span> 
     </span>
     <span class='ocr_line' id='line_1_20' title="bbox 108 2402 1267 2481; baseline -0.003 -19"><span class='ocrx_word' id='word_1_207' title='bbox 108 2406 196 2464; x_wconf 86' lang='lat' dir='ltr'>facile</span> <span class='ocrx_word' id='word_1_208' title='bbox 212 2425 248 2464; x_wconf 87' lang='lat' dir='ltr'>ex</span> <span class='ocrx_word' id='word_1_209' title='bbox 263 2409 350 2463; x_wconf 87' lang='lat' dir='ltr'>aestu</span> <span class='ocrx_word' id='word_1_210' title='bbox 365 2419 418 2461; x_wconf 82' lang='lat' dir='ltr'>aec</span> <span class='ocrx_word' id='word_1_211' title='bbox 433 2405 545 2480; x_wconf 84' lang='lat' dir='ltr'>frigore</span> <span class='ocrx_word' id='word_1_212' title='bbox 561 2404 641 2481; x_wconf 91' lang='lat' dir='ltr'>quod</span> <span class='ocrx_word' id='word_1_213' title='bbox 658 2407 824 2480; x_wconf 86' lang='lat' dir='ltr'>caperetur,</span> <span class='ocrx_word' id='word_1_214' title='bbox 841 2419 894 2460; x_wconf 81' lang='lat' dir='ltr'>aec</span> <span class='ocrx_word' id='word_1_215' title='bbox 911 2405 1045 2468; x_wconf 86' lang='lat' dir='ltr'>novitate</span> <span class='ocrx_word' id='word_1_216' title='bbox 1062 2403 1121 2460; x_wconf 88' lang='lat' dir='ltr'>cibi</span> <span class='ocrx_word' id='word_1_217' title='bbox 1138 2419 1191 2459; x_wconf 81' lang='lat' dir='ltr'>aee</span> <span class='ocrx_word' id='word_1_218' title='bbox 1205 2402 1267 2459; x_wconf 86' lang='lat' dir='ltr'>labi</span> 
     </span>
     <span class='ocr_line' id='line_1_21' title="bbox 109 2503 1268 2586; baseline -0.003 -22"><span class='ocrx_word' id='word_1_219' title='bbox 109 2509 241 2586; x_wconf 89' lang='lat' dir='ltr'>corporis</span> <span class='ocrx_word' id='word_1_220' title='bbox 265 2508 337 2566; x_wconf 90' lang='lat' dir='ltr'>ulla.</span> <span class='ocrx_word' id='word_1_221' title='bbox 378 2523 408 2562; x_wconf 93' lang='lat' dir='ltr'>v.</span> <span class='ocrx_word' id='word_1_222' title='bbox 436 2503 496 2563; x_wconf 91' lang='grc'><strong>932</strong></span> <span class='ocrx_word' id='word_1_223' title='bbox 523 2523 613 2582; x_wconf 85' lang='lat' dir='ltr'>sqq.:</span> <span class='ocrx_word' id='word_1_224' title='bbox 640 2507 735 2565; x_wconf 91' lang='lat' dir='ltr'>vitam</span> <span class='ocrx_word' id='word_1_225' title='bbox 758 2506 931 2564; x_wconf 71' lang='lat' dir='ltr'>tractabant</span> <span class='ocrx_word' id='word_1_226' title='bbox 954 2525 1036 2564; x_wconf 90' lang='lat' dir='ltr'>more</span> <span class='ocrx_word' id='word_1_227' title='bbox 1060 2507 1190 2564; x_wconf 87' lang='lat' dir='ltr'>ferarum</span> <span class='ocrx_word' id='word_1_228' title='bbox 1216 2521 1268 2560; x_wconf 80' lang='lat' dir='ltr'>nec</span> 
     </span>
     <span class='ocr_line' id='line_1_22' title="bbox 109 2609 1269 2669; baseline -0.004 0"><span class='ocrx_word' id='word_1_229' title='bbox 109 2611 251 2669; x_wconf 88' lang='lat' dir='ltr'>robustus</span> <span class='ocrx_word' id='word_1_230' title='bbox 272 2615 336 2669; x_wconf 91' lang='lat' dir='ltr'>erat</span> <span class='ocrx_word' id='word_1_231' title='bbox 357 2641 387 2650; x_wconf 85' lang='grc'>-·</span> <span class='ocrx_word' id='word_1_232' title='bbox 408 2609 580 2668; x_wconf 85' lang='lat' dir='ltr'>moderator</span> <span class='ocrx_word' id='word_1_233' title='bbox 601 2609 693 2667; x_wconf 83' lang='lat' dir='ltr'>aratri</span> <span class='ocrx_word' id='word_1_234' title='bbox 712 2642 743 2650; x_wconf 90' lang='lat'>-</span> <span class='ocrx_word' id='word_1_235' title='bbox 764 2626 818 2666; x_wconf 82' lang='lat' dir='ltr'>aec</span> <span class='ocrx_word' id='word_1_236' title='bbox 839 2609 936 2667; x_wconf 88' lang='lat' dir='ltr'>scibat</span> <span class='ocrx_word' id='word_1_237' title='bbox 957 2609 1035 2666; x_wconf 88' lang='lat' dir='ltr'>ferro</span> <span class='ocrx_word' id='word_1_238' title='bbox 1051 2609 1184 2667; x_wconf 87' lang='lat' dir='ltr'>molirier</span> <span class='ocrx_word' id='word_1_239' title='bbox 1197 2627 1269 2665; x_wconf 85' lang='lat' dir='ltr'>arva</span> 
     </span>
     <span class='ocr_line' id='line_1_23' title="bbox 108 2711 1268 2790; baseline 0 -23"><span class='ocrx_word' id='word_1_240' title='bbox 108 2729 162 2770; x_wconf 77' lang='lat' dir='ltr'>aec</span> <span class='ocrx_word' id='word_1_241' title='bbox 177 2733 256 2772; x_wconf 89' lang='lat' dir='ltr'>nova</span> <span class='ocrx_word' id='word_1_242' title='bbox 271 2713 413 2771; x_wconf 80' lang='lat' dir='ltr'>defodere</span> <span class='ocrx_word' id='word_1_243' title='bbox 428 2713 460 2770; x_wconf 92' lang='lat' dir='ltr'>iu</span> <span class='ocrx_word' id='word_1_244' title='bbox 475 2716 586 2770; x_wconf 88' lang='lat' dir='ltr'>terram</span> <span class='ocrx_word' id='word_1_245' title='bbox 603 2712 735 2788; x_wconf 88' lang='lat' dir='ltr'>virgulta</span> <span class='ocrx_word' id='word_1_246' title='bbox 751 2727 844 2790; x_wconf 78' lang='lat' dir='ltr'>aeque</span> <span class='ocrx_word' id='word_1_247' title='bbox 863 2742 894 2751; x_wconf 75' lang='lat'><em>-</em></span> <span class='ocrx_word' id='word_1_248' title='bbox 914 2711 1070 2769; x_wconf 85' lang='lat' dir='ltr'>arboribus</span> <span class='ocrx_word' id='word_1_249' title='bbox 1086 2744 1114 2752; x_wconf 81' lang='lat'><em>-</em></span> <span class='ocrx_word' id='word_1_250' title='bbox 1132 2711 1268 2768; x_wconf 87' lang='lat' dir='ltr'>decidere</span> 
     </span>
     <span class='ocr_line' id='line_1_24' title="bbox 113 2809 1267 2892; baseline -0.005 -17"><span class='ocrx_word' id='word_1_251' title='bbox 113 2849 144 2856; x_wconf 74' lang='lat'>-·</span> <span class='ocrx_word' id='word_1_252' title='bbox 165 2837 272 2874; x_wconf 87' lang='lat' dir='ltr'>ramos.</span> <span class='ocrx_word' id='word_1_253' title='bbox 298 2833 329 2872; x_wconf 92' lang='lat' dir='ltr'>v.</span> <span class='ocrx_word' id='word_1_254' title='bbox 347 2811 426 2872; x_wconf 82' lang='lat'>953:</span> <span class='ocrx_word' id='word_1_255' title='bbox 445 2815 588 2872; x_wconf 90' lang='lat' dir='ltr'>necdum</span> <span class='ocrx_word' id='word_1_256' title='bbox 610 2847 639 2854; x_wconf 87' lang='lat'><em>-</em></span> <span class='ocrx_word' id='word_1_257' title='bbox 661 2834 767 2892; x_wconf 89' lang='lat' dir='ltr'>neque.</span> <span class='ocrx_word' id='word_1_258' title='bbox 793 2831 824 2870; x_wconf 90' lang='lat' dir='ltr'>v.</span> <span class='ocrx_word' id='word_1_259' title='bbox 843 2812 904 2871; x_wconf 88' lang='grc'>958</span> <span class='ocrx_word' id='word_1_260' title='bbox 922 2831 970 2890; x_wconf 89' lang='lat' dir='ltr'>sq.</span> <span class='ocrx_word' id='word_1_261' title='bbox 989 2809 1062 2871; x_wconf 88' lang='grc'><strong>972.</strong></span> <span class='ocrx_word' id='word_1_262' title='bbox 1081 2811 1153 2872; x_wconf 89' lang='grc'><strong>988.</strong></span> <span class='ocrx_word' id='word_1_263' title='bbox 1173 2811 1267 2871; x_wconf 87' lang='grc'><strong>1004.</strong></span> 
     </span>
     <span class='ocr_line' id='line_1_25' title="bbox 110 2913 1267 2994; baseline -0.003 -17"><span class='ocrx_word' id='word_1_264' title='bbox 110 2916 204 2977; x_wconf 91' lang='grc'><strong>1027.</strong></span> <span class='ocrx_word' id='word_1_265' title='bbox 232 2916 327 2976; x_wconf 90' lang='grc'><strong>1052.</strong></span> <span class='ocrx_word' id='word_1_266' title='bbox 355 2914 450 2976; x_wconf 88' lang='grc'><strong>1054.</strong></span> <span class='ocrx_word' id='word_1_267' title='bbox 477 2915 558 2975; x_wconf 86' lang='grc'><strong>1135</strong></span> <span class='ocrx_word' id='word_1_268' title='bbox 704 2937 758 2975; x_wconf 91' lang='lat' dir='ltr'>nec</span> <span class='ocrx_word' id='word_1_269' title='bbox 789 2949 818 2956; x_wconf 84' lang='lat'>-</span> <span class='ocrx_word' id='word_1_270' title='bbox 848 2937 954 2994; x_wconf 89' lang='lat' dir='ltr'>neque.</span> <span class='ocrx_word' id='word_1_271' title='bbox 994 2934 1025 2974; x_wconf 90' lang='lat' dir='ltr'>v.</span> <span class='ocrx_word' id='word_1_272' title='bbox 1052 2914 1144 2974; x_wconf 87' lang='grc'><strong>1154.</strong></span> <span class='ocrx_word' id='word_1_273' title='bbox 1173 2913 1267 2974; x_wconf 91' lang='grc'><strong>1185.</strong></span> 
     </span>
     <span class='ocr_line' id='line_1_26' title="bbox 111 3017 1269 3098; baseline -0.003 -20"><span class='ocrx_word' id='word_1_274' title='bbox 111 3018 337 3080; x_wconf 67' lang='grc'><strong>1198-12026</strong></span> <span class='ocrx_word' id='word_1_275' title='bbox 361 3035 414 3077; x_wconf 83' lang='lat' dir='ltr'>acc</span> <span class='ocrx_word' id='word_1_276' title='bbox 429 3020 526 3098; x_wconf 90' lang='lat' dir='ltr'>pietas</span> <span class='ocrx_word' id='word_1_277' title='bbox 542 3020 635 3078; x_wconf 87' lang='lat' dir='ltr'>ullast</span> <span class='ocrx_word' id='word_1_278' title='bbox 650 3020 784 3078; x_wconf 90' lang='lat' dir='ltr'>velatum</span> <span class='ocrx_word' id='word_1_279' title='bbox 800 3039 887 3096; x_wconf 86' lang='lat' dir='ltr'>saepe</span> <span class='ocrx_word' id='word_1_280' title='bbox 904 3019 1000 3078; x_wconf 91' lang='lat' dir='ltr'>videri</span> <span class='ocrx_word' id='word_1_281' title='bbox 1015 3019 1126 3078; x_wconf 88' lang='lat' dir='ltr'>vertier</span> <span class='ocrx_word' id='word_1_282' title='bbox 1141 3019 1179 3075; x_wconf 89' lang='lat' dir='ltr'>ad</span> <span class='ocrx_word' id='word_1_283' title='bbox 1195 3017 1269 3094; x_wconf 90' lang='lat' dir='ltr'>lapi·</span> 
     </span>
     <span class='ocr_line' id='line_1_27' title="bbox 109 3123 1269 3201; baseline -0.003 -20"><span class='ocrx_word' id='word_1_284' title='bbox 109 3124 178 3182; x_wconf 89' lang='lat' dir='ltr'>dem</span> <span class='ocrx_word' id='word_1_285' title='bbox 200 3157 228 3164; x_wconf 80' lang='lat'>—</span> <span class='ocrx_word' id='word_1_286' title='bbox 251 3139 306 3180; x_wconf 82' lang='lat' dir='ltr'>aec</span> <span class='ocrx_word' id='word_1_287' title='bbox 325 3123 521 3200; x_wconf 81' lang='lat' dir='ltr'>procumbere</span> <span class='ocrx_word' id='word_1_288' title='bbox 542 3123 626 3180; x_wconf 90' lang='lat' dir='ltr'>humi</span> <span class='ocrx_word' id='word_1_289' title='bbox 648 3127 834 3201; x_wconf 89' lang='lat' dir='ltr'>prostratum</span> <span class='ocrx_word' id='word_1_290' title='bbox 855 3155 881 3162; x_wconf 91' lang='lat'><strong>—</strong></span> <span class='ocrx_word' id='word_1_291' title='bbox 906 3138 961 3178; x_wconf 78' lang='lat' dir='ltr'>aec</span> <span class='ocrx_word' id='word_1_292' title='bbox 982 3141 1046 3180; x_wconf 89' lang='lat' dir='ltr'>aras</span> <span class='ocrx_word' id='word_1_293' title='bbox 1073 3153 1102 3161; x_wconf 93' lang='lat'>—</span> <span class='ocrx_word' id='word_1_294' title='bbox 1130 3140 1269 3198; x_wconf 85' lang='lat' dir='ltr'>spargere</span> 
     </span>
     <span class='ocr_line' id='line_1_28' title="bbox 114 3217 1265 3302; baseline -0.001 -21"><span class='ocrx_word' id='word_1_295' title='bbox 114 3259 144 3268; x_wconf 81' lang='lat'><em>-</em></span> <span class='ocrx_word' id='word_1_296' title='bbox 170 3243 224 3282; x_wconf 79' lang='lat' dir='ltr'>aec</span> <span class='ocrx_word' id='word_1_297' title='bbox 248 3226 326 3284; x_wconf 89' lang='lat' dir='ltr'>votis</span> <span class='ocrx_word' id='word_1_298' title='bbox 352 3230 471 3284; x_wconf 84' lang='lat' dir='ltr'>nectere</span> <span class='ocrx_word' id='word_1_299' title='bbox 496 3229 576 3282; x_wconf 89' lang='lat' dir='ltr'>vota.</span> <span class='ocrx_word' id='word_1_300' title='bbox 609 3219 720 3302; x_wconf 86' lang='lat' dir='ltr'>(Apud</span> <span class='ocrx_word' id='word_1_301' title='bbox 735 3219 949 3282; x_wconf 84' lang='lat' dir='ltr'>Lactantium</span> <span class='ocrx_word' id='word_1_302' title='bbox 970 3217 1077 3280; x_wconf 88' lang='lat' dir='ltr'>instit.</span> <span class='ocrx_word' id='word_1_303' title='bbox 1110 3217 1158 3294; x_wconf 88' lang='lat' dir='ltr'>II,</span> <span class='ocrx_word' id='word_1_304' title='bbox 1179 3221 1209 3294; x_wconf 89' lang='lat'>3,</span> <span class='ocrx_word' id='word_1_305' title='bbox 1228 3221 1265 3280; x_wconf 91' lang='grc'>11</span> 
     </span>
     <span class='ocr_line' id='line_1_29' title="bbox 109 3323 1266 3407; baseline -0.003 -23"><span class='ocrx_word' id='word_1_306' title='bbox 109 3324 149 3385; x_wconf 74' lang='lat' dir='ltr'>Et</span> <span class='ocrx_word' id='word_1_307' title='bbox 171 3327 391 3407; x_wconf 85' lang='lat' dir='ltr'>procumbere).</span> <span class='ocrx_word' id='word_1_308' title='bbox 422 3344 454 3383; x_wconf 91' lang='lat' dir='ltr'>v.</span> <span class='ocrx_word' id='word_1_309' title='bbox 473 3325 567 3386; x_wconf 87' lang='grc'><strong>1272.</strong></span> <span class='ocrx_word' id='word_1_310' title='bbox 593 3324 686 3385; x_wconf 92' lang='grc'><strong>1316.</strong></span> <span class='ocrx_word' id='word_1_311' title='bbox 712 3323 806 3402; x_wconf 87' lang='grc'><strong>1337.</strong></span> <span class='ocrx_word' id='word_1_312' title='bbox 833 3325 925 3384; x_wconf 87' lang='grc'><strong>1352.</strong></span> <span class='ocrx_word' id='word_1_313' title='bbox 947 3324 1038 3384; x_wconf 90' lang='grc'><strong>1409.</strong></span> <span class='ocrx_word' id='word_1_314' title='bbox 1060 3323 1266 3383; x_wconf 77' lang='grc'><strong>14221445.</strong></span> 
     </span>
     <span class='ocr_line' id='line_1_30' title="bbox 109 3425 1267 3509; baseline 0 -24"><span class='ocrx_word' id='word_1_315' title='bbox 109 3425 170 3504; x_wconf 88' lang='lat' dir='ltr'>VI,</span> <span class='ocrx_word' id='word_1_316' title='bbox 189 3427 229 3490; x_wconf 88' lang='grc'><strong>74</strong></span> <span class='ocrx_word' id='word_1_317' title='bbox 245 3447 316 3509; x_wconf 90' lang='lat' dir='ltr'>sqq.</span> <span class='ocrx_word' id='word_1_318' title='bbox 343 3431 509 3489; x_wconf 83' lang='lat' dir='ltr'>constitues</span> <span class='ocrx_word' id='word_1_319' title='bbox 539 3463 571 3471; x_wconf 78' lang='grc'>-</span> <span class='ocrx_word' id='word_1_320' title='bbox 599 3446 653 3486; x_wconf 79' lang='lat' dir='ltr'>aec</span> <span class='ocrx_word' id='word_1_321' title='bbox 680 3462 710 3470; x_wconf 78' lang='lat'>—</span> <span class='ocrx_word' id='word_1_322' title='bbox 736 3429 843 3500; x_wconf 80' lang='lat' dir='ltr'>adibis,</span> <span class='ocrx_word' id='word_1_323' title='bbox 869 3444 921 3486; x_wconf 81' lang='lat' dir='ltr'>aee</span> <span class='ocrx_word' id='word_1_324' title='bbox 946 3461 977 3469; x_wconf 88' lang='lat'><em>-</em></span> <span class='ocrx_word' id='word_1_325' title='bbox 1002 3428 1124 3486; x_wconf 84' lang='lat' dir='ltr'>valebis.</span> <span class='ocrx_word' id='word_1_326' title='bbox 1158 3445 1187 3484; x_wconf 91' lang='lat' dir='ltr'>v.</span> <span class='ocrx_word' id='word_1_327' title='bbox 1207 3425 1267 3485; x_wconf 93' lang='grc'>130</span> 
     </span>
     <span class='ocr_line' id='line_1_31' title="bbox 109 3527 1331 3593; baseline 0.002 -7"><span class='ocrx_word' id='word_1_328' title='bbox 109 3551 163 3590; x_wconf 79' lang='lat' dir='ltr'>aec</span> <span class='ocrx_word' id='word_1_329' title='bbox 177 3535 296 3593; x_wconf 90' lang='lat' dir='ltr'>mirum.</span> <span class='ocrx_word' id='word_1_330' title='bbox 322 3551 354 3590; x_wconf 91' lang='lat' dir='ltr'>v.</span> <span class='ocrx_word' id='word_1_331' title='bbox 367 3531 440 3591; x_wconf 86' lang='grc'><strong>154.</strong></span> <span class='ocrx_word' id='word_1_332' title='bbox 459 3531 531 3591; x_wconf 90' lang='grc'><strong>245.</strong></span> <span class='ocrx_word' id='word_1_333' title='bbox 552 3530 623 3590; x_wconf 93' lang='grc'><strong>266.</strong></span> <span class='ocrx_word' id='word_1_334' title='bbox 642 3529 715 3590; x_wconf 90' lang='grc'><strong>315.</strong></span> <span class='ocrx_word' id='word_1_335' title='bbox 734 3529 807 3588; x_wconf 88' lang='grc'><strong>319.</strong></span> <span class='ocrx_word' id='word_1_336' title='bbox 826 3527 900 3588; x_wconf 91' lang='grc'><strong>331.</strong></span> <span class='ocrx_word' id='word_1_337' title='bbox 919 3528 991 3588; x_wconf 89' lang='grc'><strong>361.</strong></span> <span class='ocrx_word' id='word_1_338' title='bbox 1010 3527 1082 3592; x_wconf 91' lang='grc'><strong>375.</strong></span> <span class='ocrx_word' id='word_1_339' title='bbox 1101 3528 1174 3589; x_wconf 90' lang='grc'><strong>399.</strong></span> <span class='ocrx_word' id='word_1_340' title='bbox 1193 3529 1265 3588; x_wconf 90' lang='grc'><strong>550.</strong></span> <span class='ocrx_word' id='word_1_341' title='bbox 1330 3537 1331 3540; x_wconf 75' lang='grc'>’</span> 
     </span>
     <span class='ocr_line' id='line_1_32' title="bbox 110 3630 1267 3716; baseline -0.003 -24"><span class='ocrx_word' id='word_1_342' title='bbox 110 3634 186 3694; x_wconf 78' lang='lat'>569:</span> <span class='ocrx_word' id='word_1_343' title='bbox 204 3653 299 3716; x_wconf 73' lang='lat' dir='ltr'>aeque</span> <span class='ocrx_word' id='word_1_344' title='bbox 315 3637 352 3694; x_wconf 82' lang='lat' dir='ltr'>ab</span> <span class='ocrx_word' id='word_1_345' title='bbox 368 3637 460 3694; x_wconf 84' lang='lat' dir='ltr'>exitio</span> <span class='ocrx_word' id='word_1_346' title='bbox 477 3635 572 3713; x_wconf 85' lang='lat' dir='ltr'>possit</span> <span class='ocrx_word' id='word_1_347' title='bbox 590 3635 808 3712; x_wconf 89' lang='lat' dir='ltr'>reprehendere</span> <span class='ocrx_word' id='word_1_348' title='bbox 825 3633 933 3692; x_wconf 89' lang='lat' dir='ltr'>euntis.</span> <span class='ocrx_word' id='word_1_349' title='bbox 963 3649 992 3688; x_wconf 90' lang='lat' dir='ltr'>v.</span> <span class='ocrx_word' id='word_1_350' title='bbox 1012 3630 1085 3691; x_wconf 87' lang='grc'><strong>652.</strong></span> <span class='ocrx_word' id='word_1_351' title='bbox 1104 3630 1185 3692; x_wconf 91' lang='grc'><strong>1177</strong></span> <span class='ocrx_word' id='word_1_352' title='bbox 1203 3653 1267 3690; x_wconf 83' lang='grc'><strong>666.</strong></span> 
     </span>
     <span class='ocr_line' id='line_1_33' title="bbox 110 3737 506 3797; baseline -0.003 -1"><span class='ocrx_word' id='word_1_353' title='bbox 110 3755 140 3796; x_wconf 91' lang='lat' dir='ltr'>v.</span> <span class='ocrx_word' id='word_1_354' title='bbox 160 3737 253 3797; x_wconf 88' lang='grc'><strong>1214.</strong></span> <span class='ocrx_word' id='word_1_355' title='bbox 503 3739 506 3746; x_wconf 91' lang='grc'><strong><em>’</em></strong></span> 
     </span>
    </p>

    <p class='ocr_par' dir='ltr' id='par_1_5' title="bbox 110 3833 1269 4208">
     <span class='ocr_line' id='line_1_34' title="bbox 195 3833 1269 3920; baseline -0.002 -22"><span class='ocrx_word' id='word_1_356' title='bbox 195 3839 224 3918; x_wconf 90' lang='grc'>6)</span> <span class='ocrx_word' id='word_1_357' title='bbox 247 3836 352 3920; x_wconf 78' lang='lat' dir='ltr'>Neque</span> <span class='ocrx_word' id='word_1_358' title='bbox 377 3834 498 3898; x_wconf 88' lang='lat' dir='ltr'>dicitur</span> <span class='ocrx_word' id='word_1_359' title='bbox 522 3857 579 3918; x_wconf 94' lang='lat' dir='ltr'>pro</span> <span class='ocrx_word' id='word_1_360' title='bbox 604 3856 641 3896; x_wconf 77' lang='lat' dir='ltr'>aa</span> <span class='ocrx_word' id='word_1_361' title='bbox 663 3871 692 3880; x_wconf 85' lang='lat'><strong>—</strong></span> <span class='ocrx_word' id='word_1_362' title='bbox 714 3833 832 3916; x_wconf 74' lang='lat' dir='ltr'>quidem</span> <span class='ocrx_word' id='word_1_363' title='bbox 855 3833 921 3910; x_wconf 92' lang='grc' dir='ltr'>ΙΙΙ,</span> <span class='ocrx_word' id='word_1_364' title='bbox 942 3835 1019 3897; x_wconf 88' lang='grc' dir='ltr'>73οι</span> <span class='ocrx_word' id='word_1_365' title='bbox 1045 3844 1191 3916; x_wconf 73' lang='lat' dir='ltr'>atraeque</span> <span class='ocrx_word' id='word_1_366' title='bbox 1216 3857 1269 3896; x_wconf 88' lang='lat' dir='ltr'>eur</span> 
     </span>
     <span class='ocr_line' id='line_1_35' title="bbox 111 3935 1268 4023; baseline -0.003 -23"><span class='ocrx_word' id='word_1_367' title='bbox 111 3946 222 4003; x_wconf 72' lang='lat' dir='ltr'>iaciant</span> <span class='ocrx_word' id='word_1_368' title='bbox 237 3946 319 4023; x_wconf 87' lang='lat' dir='ltr'>ipsae</span> <span class='ocrx_word' id='word_1_369' title='bbox 341 3963 469 4022; x_wconf 88' lang='lat' dir='ltr'>quareve</span> <span class='ocrx_word' id='word_1_370' title='bbox 490 3943 628 4002; x_wconf 89' lang='lat' dir='ltr'>laborent</span> <span class='ocrx_word' id='word_1_371' title='bbox 649 3943 748 4000; x_wconf 86' lang='lat' dir='ltr'>dicere</span> <span class='ocrx_word' id='word_1_372' title='bbox 767 3942 952 4019; x_wconf 87' lang='lat' dir='ltr'>suppeditat.</span> <span class='ocrx_word' id='word_1_373' title='bbox 984 3936 1044 4012; x_wconf 87' lang='lat' dir='ltr'>VI,</span> <span class='ocrx_word' id='word_1_374' title='bbox 1065 3939 1157 4014; x_wconf 82' lang='grc'><strong>1214.</strong></span> <span class='ocrx_word' id='word_1_375' title='bbox 1190 3935 1268 4006; x_wconf 91' lang='lat' dir='ltr'>Non</span> 
     </span>
     <span class='ocr_line' id='line_1_36' title="bbox 110 4036 1269 4125; baseline -0.003 -21"><span class='ocrx_word' id='word_1_376' title='bbox 110 4049 197 4104; x_wconf 83' lang='lat' dir='ltr'>recte</span> <span class='ocrx_word' id='word_1_377' title='bbox 213 4041 316 4125; x_wconf 83' lang='lat' dir='ltr'>igitur</span> <span class='ocrx_word' id='word_1_378' title='bbox 331 4041 564 4105; x_wconf 85' lang='lat' dir='ltr'>Lachmaunus</span> <span class='ocrx_word' id='word_1_379' title='bbox 585 4039 624 4102; x_wconf 93' lang='lat' dir='ltr'>ad</span> <span class='ocrx_word' id='word_1_380' title='bbox 642 4040 670 4117; x_wconf 87' lang='lat' dir='ltr'>I,</span> <span class='ocrx_word' id='word_1_381' title='bbox 689 4041 750 4103; x_wconf 89' lang='grc'>830</span> <span class='ocrx_word' id='word_1_382' title='bbox 767 4047 869 4120; x_wconf 84' lang='lat' dir='ltr'>negat</span> <span class='ocrx_word' id='word_1_383' title='bbox 884 4042 948 4103; x_wconf 91' lang='lat' dir='ltr'>hoc</span> <span class='ocrx_word' id='word_1_384' title='bbox 964 4036 1111 4100; x_wconf 85' lang='lat' dir='ltr'>Lucretii</span> <span class='ocrx_word' id='word_1_385' title='bbox 1128 4037 1269 4120; x_wconf 79' lang='lat' dir='ltr'>orationi</span> 
     </span>
     <span class='ocr_line' id='line_1_37' title="bbox 112 4145 296 4208; baseline 0 -2"><span class='ocrx_word' id='word_1_386' title='bbox 112 4145 296 4208; x_wconf 88' lang='lat' dir='ltr'>convenire.</span> 
     </span>
    </p>

    <p class='ocr_par' dir='ltr' id='par_1_6' title="bbox 195 4242 1268 4330">
     <span class='ocr_line' id='line_1_38' title="bbox 195 4242 1268 4330; baseline -0.004 -20"><span class='ocrx_word' id='word_1_387' title='bbox 195 4248 227 4330; x_wconf 89' lang='lat' dir='ltr'>d)</span> <span class='ocrx_word' id='word_1_388' title='bbox 251 4249 301 4310; x_wconf 90' lang='lat' dir='ltr'>De</span> <span class='ocrx_word' id='word_1_389' title='bbox 325 4268 420 4330; x_wconf 79' lang='lat' dir='ltr'>aeque</span> <span class='ocrx_word' id='word_1_390' title='bbox 443 4252 543 4309; x_wconf 78' lang='lat' dir='ltr'>autem</span> <span class='ocrx_word' id='word_1_391' title='bbox 567 4268 599 4308; x_wconf 91' lang='lat' dir='ltr'>v.</span> <span class='ocrx_word' id='word_1_392' title='bbox 623 4244 731 4307; x_wconf 86' lang='lat' dir='ltr'>Hand.</span> <span class='ocrx_word' id='word_1_393' title='bbox 754 4244 894 4307; x_wconf 77' lang='lat' dir='ltr'>Turseli.</span> <span class='ocrx_word' id='word_1_394' title='bbox 917 4243 945 4317; x_wconf 86' lang='lat' dir='ltr'>I,</span> <span class='ocrx_word' id='word_1_395' title='bbox 967 4267 999 4326; x_wconf 89' lang='lat' dir='ltr'>p.</span> <span class='ocrx_word' id='word_1_396' title='bbox 1023 4246 1100 4306; x_wconf 85' lang='lat'>585:</span> <span class='ocrx_word' id='word_1_397' title='bbox 1127 4242 1268 4320; x_wconf 83' lang='lat' dir='ltr'>„Rarior</span> 
     </span>
    </p>
   </div>
   <div class='ocr_carea' id='block_1_5' title="bbox 113 4345 1267 4459">
    <p class='ocr_par' dir='ltr' id='par_1_7' title="bbox 113 4345 1267 4459">
     <span class='ocr_line' id='line_1_39' title="bbox 113 4345 1267 4459; baseline -0.003 -48"><span class='ocrx_word' id='word_1_398' title='bbox 113 4350 214 4414; x_wconf 80' lang='lat' dir='ltr'>forma</span> <span class='ocrx_word' id='word_1_399' title='bbox 245 4351 358 4435; x_wconf 87' lang='lat' dir='ltr'>[quam</span> <span class='ocrx_word' id='word_1_400' title='bbox 386 4371 480 4434; x_wconf 81' lang='lat' dir='ltr'>aeque</span> <span class='ocrx_word' id='word_1_401' title='bbox 508 4349 592 4434; x_wconf 80' lang='lat' dir='ltr'>uero]</span> <span class='ocrx_word' id='word_1_402' title='bbox 620 4355 670 4412; x_wconf 86' lang='grc'>666</span> <span class='ocrx_word' id='word_1_403' title='bbox 694 4371 788 4434; x_wconf 81' lang='lat' dir='ltr'>aeque</span> <span class='ocrx_word' id='word_1_404' title='bbox 813 4353 911 4409; x_wconf 74' lang='lat' dir='ltr'>eutem</span> <span class='ocrx_word' id='word_1_405' title='bbox 941 4346 989 4432; x_wconf 85' lang='lat' dir='ltr'>[iu</span> <span class='ocrx_word' id='word_1_406' title='bbox 1007 4345 1208 4459; x_wconf 83' lang='lat' dir='ltr'>¹continuata</span> <span class='ocrx_word' id='word_1_407' title='bbox 1234 4354 1267 4408; x_wconf 89' lang='lat' dir='ltr'>et</span> 
     </span>
    </p>
   </div>
   <div class='ocr_carea' id='block_1_6' title="bbox 0 0 1483 4966">
    <p class='ocr_par' dir='ltr' id='par_1_8' title="bbox 0 0 1483 4966">
     <span class='ocr_line' id='line_1_40' title="bbox 0 0 1483 4966; baseline 0 0"><span class='ocrx_word' id='word_1_408' title='bbox 0 0 1483 4966; x_wconf 95' lang='lat' dir='ltr'> </span> 
     </span>
    </p>
   </div>
  </div>
 </body>
</html>
