2932 4966
292 379 555 430 comuucmouus
580 379 816 422 corumrrvau.
850 379 965 438 unqua,
992 380 1044 422 ao.
1184 360 1243 422 177

88 569 120 608 v.
140 547 203 610 279
220 557 344 611 verrunt
359 570 395 610 αα
415 587 445 594 -
466 557 599 632 raptant.
633 571 664 609 v.
682 549 743 610 340
760 573 813 630 per
827 553 921 610 maria
936 569 972 608 αα
987 559 1091 610 terras.
1112 546 1173 622 IV,
1187 549 1246 610 203

88 674 172 712 marc
188 671 225 710 αα
240 661 343 714 terras.
374 652 434 728 VI,
452 655 515 718 612
531 657 625 718 maria
640 672 675 712 00
690 660 803 726 terras:
819 650 927 728 1,,348
943 657 1019 714 saxis
1036 672 1072 714 αα
1086 655 1247 733 speluncis.

87 771 120 810 v.
140 751 204 812 353
220 773 273 833 per
288 761 411 815 truncos
427 773 463 812 αο
478 777 532 835 per
546 775 653 815 ramos.
674 774 706 814 v.
718 754 780 815 490
797 756 909 814 elamor
923 757 950 814 it
965 771 1001 812 αα
1015 775 1111 814 voces.
1127 772 1160 812 v.
1173 751 1246 813 510:

88 859 163 913 sunt
183 855 279 932 igitur
297 857 395 915 solida
410 875 446 913 00
461 859 525 916 sine
541 859 623 916 inani
640 877 765 934 corpora
780 857 884 935 prima.
915 873 947 913 v.
966 853 1039 914 538.
1059 852 1130 914 777.
1149 851 1246 936 10741

89 959 189 1016 omnis
214 959 295 1016 enim
319 959 402 1018 locus
426 961 626 1037 aespatium.
664 954 712 1032 II,
735 957 812 1018 953:
842 959 992 1018 discutere
1017 975 1053 1016 αα
1077 959 1248 1016 dissolvere.

87 1055 228 1132 IV,'200
240 1079 289 1138 sq.
301 1062 371 1120 solis
381 1063 427 1120 uti
438 1062 488 1120 lux
503 1079 539 1118 αα
553 1082 654 1140 vapor.
677 1081 708 1119 V.
721 1060 794 1121 639.
812 1061 873 1121 828
890 1083 1026 1122 surarum
1042 1077 1078 1118 00
1093 1062 1248 1119 feminum.

88 1179 121 1218 v.
141 1159 204 1219 869
225 1181 277 1240 per
296 1163 430 1221 membra
451 1179 487 1218 ao
508 1175 607 1222 venas.
639 1181 669 1220 v.
688 1160 761 1221 878.
783 1160 856 1222 967.
880 1161 974 1222 1026.
997 1161 1095 1223 1152:
1118 1163 1249 1239 siquam

89 1267 171 1343 petis
192 1281 228 1320 αα
248 1266 302 1323 vis.
334 1283 365 1322 r.
388 1261 469 1324 1169
486 1267 594 1324 simula
609 1267 711 1326 Silena
730 1283 765 1322 oc
781 1271 921 1326 saturast.
952 1261 994 1339 V,
1012 1263 1064 1324 52.
1083 1263 1155 1323 131.
1174 1261 1247 1322 175.

90 1365 166 1426 238.
188 1366 266 1426 241ι
288 1387 411 1447 corpore
432 1370 537 1428 nativo
556 1385 592 1426 00
613 1369 791 1428 mortalibus
811 1389 873 1427 esse
889 1371 1001 1445 figuris.
1033 1386 1064 1424 v.
1084 1366 1156 1426 244.
1173 1362 1248 1425 467.

90 1467 166 1528 845.
180 1465 253 1528 971.
267 1467 361 1526 1102:
378 1469 478 1528 cibum
493 1489 645 1547 quoquere
656 1487 692 1526 00
701 1471 838 1528 flammae
848 1459 966 1528 mollire
976 1489 1095 1547 vapore.
1113 1485 1144 1525 v.
1154 1465 1248 1526 1142:

89 1572 252 1649 imperium
268 1571 326 1630 sibi
345 1591 412 1629 oum
429 1588 465 1628 αα
480 1577 665 1636 summatum
682 1573 808 1650 quisque
827 1567 960 1651 petebat.
993 1566 1169 1648 Oblongus
1185 1585 1250 1626 eum

89 1670 158 1730 bac.
180 1672 321 1732 vlita.
339 1670 434 1732 1235.
453 1673 547 1732 1264.
567 1672 661 1732 1324.
680 1672 774 1734 1443.
796 1670 858 1742 VI,
877 1671 954 1750 103:
973 1674 1087 1752 lapides
1103 1689 1139 1728 αα
1154 1673 1250 1750 tigna.

89 1795 122 1834 v.
147 1774 209 1834 126
234 1778 330 1853 magis
354 1795 387 1834 ac
412 1778 516 1854 magis.
558 1795 588 1834 v.
612 1776 685 1836 266.
712 1775 785 1838 332.
810 1775 885 1838 491.
912 1776 985 1837 668.
1012 1775 1111 1837 118οι
1139 1776 1251 1854 quippe

90 1880 318 1957 potentiacum
339 1879 452 1938 totiens
474 1897 510 1936 αα
531 1881 640 1939 nuntia
660 1883 767 1940 mortis
788 1883 902 1940 lumina
917 1884 1070 1940 versarent
1086 1880 1251 1938 oculorum.

91 1974 146 2037 Sic
162 1975 301 2038 Lachm.
319 1997 376 2058 pro
392 1981 530 2040 ardentia
544 1983 656 2042 morbis
673 1985 745 2042 lum.

176 2081 205 2164 β)
229 2077 438 2162 Usurpantur
457 2081 520 2142 hae
540 2081 721 2162 particulae
747 2081 781 2144 in
807 2081 1050 2166 comparatione
1075 2077 1251 2160 aequitatis

53 2247 55 2252 ,
90 2181 145 2244 vel
162 2180 388 2244 similitudinis
406 2188 440 2244 et
455 2182 745 2246 dissimilitudinis.
772 2185 800 2262 1,
819 2189 879 2248 845
897 2207 946 2266 sq.
965 2189 1078 2267 pariter
1097 2219 1129 2228 —
1150 2191 1250 2263 atque.

92 2285 135 2363 V,
149 2287 245 2348 1228.
271 2283 299 2361 I,
313 2287 374 2347 848
386 2307 435 2366 eq.
452 2278 549 2347 simia·
569 2325 600 2334 -—
621 2296 729 2350 natura
745 2293 845 2370 atque.
872 2287 920 2364 II,
933 2290 1027 2351 1074.
1046 2285 1090 2360 V,
1108 2288 1188 2348 1260
1201 2306 1250 2366 sq.

3 2459 4 2466 ἵ
92 2390 189 2448 simili
216 2423 247 2431 —
272 2391 368 2465 figura
389 2395 490 2468 atque.
522 2386 566 2458 V,
585 2388 646 2451 349
663 2409 712 2468 sq.
738 2393 794 2452 nisi
819 2392 901 2468 quod
920 2393 1031 2450 morbis
1053 2391 1252 2468 aegrescimus

3 2511 4 2538 l
91 2488 171 2550 idem
189 2493 281 2570 alque
296 2489 342 2549 illi
359 2512 433 2568 quos
449 2513 465 2550 a
480 2495 544 2551 vita
559 2498 667 2552 natura
681 2496 819 2552 removit.
845 2489 892 2566 11,
906 2492 984 2552 881:
1003 2515 1064 2553 non
1080 2488 1145 2551 alia
1162 2494 1253 2568 longe

3 2577 4 2614 ¹
91 2597 213 2654 ratione*
233 2590 331 2673 adque
351 2594 434 2652 arida
453 2597 534 2672 ligne
556 2597 686 2675 explicat
706 2598 739 2655 in
759 2597 891 2654 flammas
913 2598 977 2654 eto.
1009 2591 1072 2669 IV,
1089 2585 1168 2655 416:
1185 2600 1251 2653 tum

3 2681 4 2696 ¹
92 2697 255 2776 splendida
269 2698 356 2774 signa
371 2698 514 2756 videntur
529 2699 624 2758 labier
639 2700 796 2762 adversum
812 2700 930 2758 nimbos
950 2705 1041 2776 atque
1061 2700 1104 2757 ire
1125 2716 1252 2775 superne

3 2865 4 2872 ἵ
92 2800 183 2876 longe
200 2794 296 2856 aliam
311 2801 343 2858 in
360 2804 476 2878 partem
492 2817 528 2857 αα
544 2822 613 2860 vera
633 2802 751 2862 ratione
770 2804 918 2862 feruntur.
951 2797 1004 2859 Sic
1020 2797 1252 2858 Lachmannus

91 2920 150 2980 pro
162 2897 379 2981 cqueratr'oac.
403 2897 445 2976 V,
457 2901 535 2960 460:
554 2900 697 2980 nonalia
713 2906 803 2982 longe
819 2907 935 2982 ratione
951 2921 988 2962 00
1001 2924 1090 2983 saepe
1101 2903 1251 2962 videntur.

92 3024 123 3062 v.
143 3003 242 3064 1030:
261 3026 322 3064 non
338 3000 403 3062 07οα
419 3006 510 3081 longe
525 3007 642 3066 ratione
658 3008 748 3086 atque
770 3008 835 3086 ipsa
854 3008 975 3066 videtur
995 3007 1170 3086 protrahere
1186 3006 1251 3062 000.

3 3145 4 3150 1
92 3103 257 3180 V1,306:
283 3128 344 3166 non
369 3102 434 3165 alia
459 3109 549 3185 longe
573 3109 690 3168 ratione
715 3127 750 3166 ae
776 3111 840 3167 etc.
879 3103 989 3167 Etiam
1014 3101 1252 3187 comparativos

3 3209 4 3214 ’
93 3203 331 3280 adiectivorum
351 3210 534 3287 sequuntur
556 3207 616 3268 hae
632 3206 824 3291 particulae.
857 3207 924 3284 III,
942 3209 981 3270 96
998 3212 1060 3270 nilo
1083 3205 1182 3268 micas
1202 3225 1250 3266 ac.

92 3307 156 3384 IV,
176 3308 253 3370 756:
274 3332 329 3371 nec
344 3306 444 3370 micas
460 3313 551 3392 atquc
567 3315 656 3373 oculi.

179 3412 206 3496 y)
231 3409 381 3474 Simulus
397 3409 523 3472 dictum
540 3418 591 3473 est
607 3410 674 3488 III,
693 3415 744 3475 14.

180 3513 206 3592 δ)
230 3510 339 3573 Etiam
356 3511 541 3574 sententiae
557 3511 608 3574 his
624 3509 795 3596 particulis
811 3509 1066 3592 coniunguntur.
1088 3510 1117 3588 I,
1130 3513 1181 3574 35.
1201 3511 1251 3574 74.
1311 3496 1312 3500 ¹

96 3615 168 3677 170.
197 3615 269 3676 172.
296 3615 369 3676 636.
396 3615 469 3676 817.
496 3617 569 3677 911.
597 3617 691 3678 1054.
729 3613 777 3691 II,
801 3615 879 3676 918:
906 3614 1004 3696 adque
1027 3619 1169 3695 animalia
1192 3620 1254 3678 sint

95 3721 272 3780 mortalibus
289 3740 349 3780 una
364 3721 537 3798 eademque.
562 3714 629 3793 ΙΙΙ,
643 3719 703 3778 283
716 3738 765 3798 sq.
780 3697 906 3798 ¹uigeant
927 3753 957 3760 -
974 3717 1073 3800 adque
1088 3722 1154 3780 aliis
1170 3720 1254 3779 aliud

96 3824 193 3882 subsit
212 3824 315 3899 magis.
346 3841 379 3886 v.
396 3821 459 3881 052
479 3824 569 3902 atque
589 3823 706 3882 obitum
729 3824 920 3882 lamentetur.
951 3840 983 3880 v.
1008 3820 1069 3881 978
1090 3820 1188 3900 Atque
1210 3842 1253 3896 ea,

97 3927 127 3984 ni
142 3926 251 3984 mirum
274 3926 338 3983 eto.
370 3919 430 3998 IV,
450 3923 543 3984 1069.
567 3923 660 3984 1107.
684 3923 779 3984 1124.
805 3924 898 3984 1141.
922 3922 1016 3984 1157.
1040 3922 1133 3983 1230.
1157 3922 1251 3983 1260.

98 4027 190 4086 1202.
219 4024 312 4087 1271.
341 4024 434 4086 1273.
467 4022 508 4100 V,
527 4025 579 4085 54.
602 4025 653 4085 90.
677 4026 751 4086 214.
776 4026 848 4086 250.
871 4025 949 4107 3420
977 4029 1070 4086 exisse
1095 4061 1127 4068 -
1152 4047 1254 4086 amnes

97 4132 186 4209 alque
211 4129 322 4208 oppida
346 4131 542 4207 cooperuisse.
580 4123 633 4187 Sic
655 4124 823 4188 Antonius
844 4125 940 4188 Marii
961 4131 995 4187 et
1016 4123 1179 4186 Marullus
1194 4146 1253 4207 pro

97 4234 139 4289 al.
171 4251 203 4292 v.
221 4231 295 4290 451.
321 4230 394 4291 496.
422 4230 494 4290 652.
522 4230 595 4292 678.
622 4230 695 4291 709.
722 4229 796 4290 823.
823 4230 895 4290 986.
921 4229 1013 4290 1035.
1039 4229 1133 4290 1153.
1158 4230 1252 4290 1195.

98 4330 384 4410 1239.1358sqq.:
402 4333 644 4392 utmulicbribus
654 4333 686 4390 id
702 4333 840 4392 manibus
857 4333 1019 4392 concedere
1035 4334 1151 4392 vellent
1165 4333 1255 4411 atque

149 4433 233 4479 Holtze,
248 4433 395 4470 Linemnenta.
1006 4436 1038 4482 12
