2886 4998
328 404 601 448 'Pallrrosmorns
619 405 687 450 CUM
703 405 776 448 ARL.
793 405 832 447 777
848 406 920 447 AOC.
1166 389 1205 448 95

20 578 182 634 reatum.
223 594 253 638 v.
273 572 334 635 707
355 578 386 636 in
407 598 466 655 qua
486 580 526 636 sit
541 580 664 656 regione
680 580 822 638 locatum.
854 572 897 651 V,
915 576 971 638 12:
989 573 1024 634 77
1038 583 1102 636 tem
1118 579 1203 634 7777-

20 672 125 735 777777
148 685 187 738 et
205 684 273 738 tam
289 674 374 736 77777
391 676 458 738 7777
474 676 597 738 7777777.
623 699 653 740 7.
672 680 770 741 1188:
788 677 822 738 77
837 676 980 759 caeloque
1002 713 1032 722 —-
1054 677 1204 738 77777777.

20 775 80 854 71,
104 779 204 840 193:
234 783 266 840 in
289 782 422 842 statione
447 783 555 842 locata.
592 777 645 842 Sic
667 767 726 863 pro
742 779 861 842 7777777
877 784 1042 842 corrector
1058 777 1208 860 quadrati

20 885 46 938 rt
78 875 217 940 ceteri.
250 876 318 955 ΙΙΙ,
342 879 360 940 3
382 900 431 960 aq.
457 878 552 960 ioque
577 879 638 940 7777
662 905 743 943 nunc
766 886 838 944 ficta
861 885 973 962 pedum
991 901 1074 960 ¹ponc
1092 880 1208 961 prerrir

20 986 168 1062 rastigia
192 980 305 1061 ripule.
338 1004 369 1043 v.
389 983 449 1044 390
471 1001 593 1062 corpore
613 1007 688 1064 quae
709 981 742 1044 77
762 987 864 1045 777777
885 988 996 1047 culices
1012 1012 1052 1028 ·-
1073 988 1206 1062 ponunt.

20 1104 47 1142 7.
71 1083 166 1144 857:
194 1087 230 1144 in
245 1086 351 1148 eodem
372 1117 402 1130 -
424 1087 528 1146 ordine
544 1091 640 1164 posta.
675 1081 734 1158 71,
756 1085 834 1146 965:
857 1107 924 1148 cera
943 1089 1025 1166 lique
1045 1089 1081 1148 fit
1095 1083 1130 1144 77
1145 1088 1208 1146 eius

20 1190 118 1262 77777
136 1206 268 1266 uapore.
288 1208 319 1248 v.
333 1186 431 1249 1223:
449 1185 614 1248 stratarum
624 1209 753 1248 ammam
764 1185 948 1266 praelata
964 1185 1208 1268 omerbueaogre

20 1286 52 1364 1,
73 1289 190 1352 10577
211 1294 245 1352 in
260 1313 291 1352 se
307 1293 421 1353 sistere.
446 1287 494 1367 11,
507 1289 584 1350 603.
602 1313 700 1370 neque
716 1313 802 1371 posse
818 1287 852 1350 77
868 1287 994 1352 7777777
996 1294 1073 1352 7777
1087 1299 1207 1367 terrem

20 1412 57 1452 7.
79 1392 200 1453 3322·
192 1418 227 1454 ιιι
243 1397 355 1474 eampis
372 1396 543 1456 consistere.

125 1493 169 1554 77
198 1515 274 1556 eum
300 1492 490 1559 accusativo
515 1493 549 1578 a)
571 1499 698 1556 motum
724 1492 877 1578 exprimit
901 1493 935 1558 in
955 1494 1112 1558 locum
1087 1517 1155 1558 srve
1175 1495 1209 1558 in

24 1617 107 1672 ree,
138 1617 227 1678 quae
252 1618 310 1679 per
334 1597 562 1682 metaphoram
587 1617 644 1678 pro
670 1596 753 1660 locis
778 1596 993 1680 accipiuntur.
1026 1598 1055 1675 I,
1074 1601 1128 1662 22:
1154 1623 1210 1662 nee

32 1705 107 1762 sine
130 1709 165 1763 te
188 1706 351 1784 quicquam
368 1698 436 1762 7777
457 1700 489 1762 77
505 1705 628 1764 luminis
644 1719 713 1762 7777
730 1705 871 1764 exoritur.
895 1722 924 1764 7.
943 1703 999 1764 337
1017 1702 1051 1764 77
1062 1701 1209 1782 premium

32 1808 93 1884 qui
111 1827 206 1885 saepe
224 1808 308 1865 77777
324 1827 355 1867 se
371 1803 472 1866 reicit.
496 1803 544 1880 ΙΙ,
564 1804 641 1867 714:
658 1809 769 1867 reicere
785 1809 935 1868 interrae.
961 1803 1004 1881 7,
1023 1804 1209 1869 orarentur

42 1943 78 1952 -
102 1905 273 1990 aestiferae
294 1928 387 1990 arque
409 1905 561 1987 inpactis
577 1905 867 1989 etseror'daea'yao.
900 1906 928 1984 Ι,
947 1909 1044 1972 103οι
1067 1918 1102 1970 ut
1117 1913 1209 1970 semol

36 2008 76 2068 777
94 2013 195 2070 motae
211 2014 378 2072 coniectast
398 2008 614 2070 777777777777.
646 2008 694 2086 ΙΙ,
713 2011 811 2072 10737
834 2015 969 2074 conicere
991 2015 1023 2074 in
1039 2015 1105 2074 loca
1119 2035 1209 2092 quae·

39 2136 114 2193 que.
144 2109 207 2188 VI,
227 2113 304 2174 580:
322 2111 356 2174 77
371 2112 437 2174 7777
454 2137 485 2176 se
501 2133 575 2174 7777
597 2147 629 2158 —-
649 2111 790 2174 77777777.
808 2135 839 2173 7.
860 2113 919 2176 731
937 2112 1092 2174 7777777777
1107 2111 1141 2174 77
1158 2133 1209 2174 coa

41 2223 122 2276 tunc
139 2219 242 2278 omnia
250 2213 366 2294 777777.
392 2214 459 2292 III,
478 2216 555 2278 570:
573 2219 605 2278 in
621 2239 707 2278 auras
728 2253 758 2260 -
781 2219 885 2278 eiecta.
911 2213 972 2292 IV,
993 2217 1091 2278 1056:
1108 2213 1209 2277 777777

45 2341 186 2382 umorem
207 2315 241 2378 77
262 2337 380 2398 corpur.
407 2319 555 2381 7.1065;
580 2327 612 2380 et
632 2317 732 2380 777777
752 2341 887 2382 umorem
909 2323 1080 2382 conlectum
1096 2317 1130 2379 77
1146 2339 1210 2380 777-

42 2441 126 2501 porc
150 2440 294 2504 quaeque.
334 2441 364 2481 7.
388 2422 487 2484 1146:
518 2426 629 2496 vitare,
652 2420 824 2500 piapen-ia
849 2426 956 2484 amoris
982 2445 1018 2484 nc
1044 2419 1205 2484 77777777.

50 2545 85 2585 7.
103 2525 201 2586 17067
225 2547 300 2605 quae
316 2523 416 2585 777777
432 2522 621 2607 rusicadam
636 2533 768 2606 possent.
799 2522 861 2600 Vl,
878 2527 955 2587 401:
975 2549 1027 2586 eur
1042 2548 1207 2606 numquam

53 2631 136 2688 caelo
151 2625 225 2688 77777
241 2631 374 2709 undique
391 2651 465 2709 puro
489 2631 628 2710 luppiter
643 2625 676 2688 77
692 2631 790 2688 777777
806 2631 931 2690 fulmen.
962 2626 1004 2704 V,
1023 2629 1123 2691 1126:
1146 2631 1208 2690 dei·

55 2735 99 2792 cit
123 2767 152 2776 —
177 2734 207 2792 in
229 2735 481 2794 Tartaravtaetra.
512 2727 560 2806 11,
580 2730 656 2792 739:
684 2728 717 2790 77
738 2750 815 2812 quae
836 2734 1008 2810 7777777777
1027 2735 1130 2793 nullus
1149 2733 1208 2792 tibi

57 2838 134 2896 forte
143 2837 260 2896 videtur
275 2859 361 2916 posse
377 2839 469 2898 animi
486 2832 616 2896 77777777
623 2831 710 2917 ι17777.
730 2831 759 2909 I,
771 2833 827 2894 36:
845 2837 965 2896 inhians
980 2832 1016 2894 77
1031 2838 1071 2895 77.
1089 2833 1206 2897 717οι

61 2934 178 2997 777777
197 2940 319 3000 luminis
340 2936 413 2998 7777.
447 2935 508 3013 71,
527 2938 603 2998 886:
627 2935 769 3018 carroque
788 2934 822 2996 77
843 2957 947 2998 77777.
979 2935 1007 3013 I,
1026 2938 1104 3000 249:
1126 2941 1208 3000 haud

64 3044 153 3120 igitur
169 3038 247 3100 77777
267 3040 309 3102 acl
328 3039 425 3102 777777
444 3064 491 3104 res
511 3044 587 3120 ulla,
608 3044 660 3102 sed
681 3063 783 3104 omnes
804 3043 931 3103 discidio
953 3039 1080 3102 redeant
1095 3039 1129 3102 77
1145 3060 1208 3101 777·-

64 3163 133 3221 porc
152 3148 293 3206 materiai.
320 3141 385 3219 ΙΙΙ,
404 3144 481 3206 503;
504 3142 644 3225 reditque
660 3141 693 3202 77
710 3141 854 3204 77777777.
872 3164 904 3204 7.
924 3144 984 3206 505
1001 3148 1081 3207 redit
1096 3149 1128 3206 in
1144 3168 1209 3206 sen·

68 3271 122 3308 sus.
145 3244 201 3320 IV,
219 3248 274 3308 28:
292 3251 405 3311 rediret
421 3251 452 3308 in
469 3250 553 3309 ordia
568 3249 672 3332 prima.
699 3244 759 3322 VI,
777 3247 854 3308 871:
878 3251 910 3308 in
926 3251 1066 3329 antiquas
1081 3251 1210 3310 redeunt
1248 3291 1254 3296 -

75 3353 213 3412 -.sedes
243 3348 291 3426 Il,
310 3351 403 3412 563·
396 3375 428 3413 ιιι
453 3354 675 3412 concilium-
705 3353 792 3412 coire.
825 3347 866 3425 V,
885 3350 962 3412 665:
989 3348 1069 3410 77777
1088 3348 1228 3428 77777777

74 3458 150 3534 quasi
170 3452 200 3516 77
222 3474 324 3515 77777.
357 3452 424 3529 ΠΙ,
443 3453 502 3516 705
520 3474 587 3533 sq.:
616 3456 752 3535 quamvis
776 3456 896 3532 integra
919 3425 1021 3514 777777
1045 3451 1079 3513 77
1103 3471 1210 3531 corpur

75 3560 148 3616 7777.
175 3577 201 3616 7.
220 3557 279 3618 760
297 3577 362 3637 sq.:
389 3561 436 3619 sin
456 3560 570 3618 animes
591 3561 748 3619 hominum
771 3559 874 3618 dicent
895 3553 928 3616 77
948 3574 1074 3635 corpo-re
1093 3579 1210 3637 semper

77 3657 247 3720 tralucere
269 3656 328 3741 (sie
350 3663 515 3721 correotor
537 3657 686 3738 quadrati
709 3663 742 3720 et
758 3655 836 3720 Itali
858 3661 935 3720 ente
951 3656 1131 3721 Marullum
1151 3678 1209 3741 pro

79 3762 202 3843 corpore).
231 3758 291 3836 IV,
309 3762 386 3823 446:
409 3765 452 3824 ire
473 3797 503 3805 »-
529 3765 619 3824 aliam
640 3767 671 3824 in
694 3769 820 3844 partem.
852 3758 893 3836 V,
913 3761 990 3824 647:
1016 3767 1146 3825 divorsas
1166 3765 1210 3824 ire

80 3869 108 3926 in
126 3869 213 3945 partie.
245 3862 305 3941 VI,
330 3866 412 3927 1206
430 3885 498 3944 sq.:
525 3872 627 3928 tamen
648 3862 681 3924 77
702 3883 807 3924 777777
828 3868 899 3926 huic
923 3869 1044 3928 morbus
1068 3873 1100 3928 et
1124 3869 1210 3926 77777

83 3964 137 4026 7777
150 3974 176 4028 et
193 3965 222 4026 77
235 3965 340 4046 parler
354 3965 505 4047 ,7777777777
521 3971 652 4049 corporis
674 3965 767 4046 77777.
799 3964 866 4044 III,
885 3968 983 4030 1066:
1007 3970 1071 4031 abit
1086 3972 1119 4030 in
1134 3992 1210 4030 som·

84 4092 152 4130 nun.
177 4067 230 4146 17,
249 4071 346 4134 llll:
370 4068 456 4132 77777
475 4069 508 4131 77
530 4090 637 4149 corpur
659 4093 781 4152 corpore
803 4079 880 4134 toto.
911 4070 1035 4146 1,179;
1058 4079 1090 4134 et
1109 4075 1211 4133 vivida

86 4175 161 4234 tellus
180 4179 241 4234 tuto
265 4197 311 4236 res
335 4179 454 4236 teneras
479 4172 566 4256 effert
592 4171 626 4232 77
650 4177 773 4236 luminis
798 4194 876 4234 7777.
914 4170 962 4250 ΙΙ,
980 4175 1042 4236 657
1066 4173 1153 4257 effert
1177 4172 1210 4232 77

88 4272 182 4334 777777
196 4279 270 4338 solis.
301 4273 330 4352 I,
349 4275 426 4338 207:
451 4299 511 4356 quo
532 4299 668 4357 quaeque
685 4284 801 4339 creatae
817 4281 893 4338 aeris
909 4274 943 4336 77
959 4280 1079 4338 7777777
1093 4280 1210 4356 possint

85 4375 224 4460 pafferrier·
243 4398 347 4439 77777.
379 4376 446 4456 ΙΙΙ,
468 4380 541 4439 133;
569 4383 600 4441 in
626 4383 707 4444 illam
730 4383 960 4442 transtulerunt.
982 4377 1054 4455 17,
1072 4379 1149 4440 338:
1173 4383 1210 4442 de
