2944 4968
346 408 350 416 .
426 378 699 422 ausurosrnonus
724 379 790 421 unu
814 379 887 422 nan.
1191 363 1230 422 55

59 546 200 625 rupiana
210 550 278 608 diei.
295 568 326 608 v.
340 548 418 609 968:
436 571 523 610 umor
532 571 625 629 aquae
636 572 725 630 porro
740 553 853 610 ferrum
869 551 1015 609 condurat
1031 545 1067 606 ab
1084 544 1162 625 ipati,
1181 545 1233 609 oui

59 647 151 710 loco
169 647 266 730 plane
283 647 397 710 similis
414 653 466 710 est
481 649 574 712 locus
590 648 633 727 V,
652 653 746 727 1106,
766 647 823 712 ubi
840 646 977 711 (155551.
996 653 1124 729 quaest.
1142 672 1174 732 p.
1194 651 1233 712 26

63 749 264 813 certissima
287 749 516 814 emendatione
547 751 680 834 scripsit
708 759 863 835 vitamque
890 757 1020 834 priorem
1050 759 1235 816 commutare

63 860 164 918 novis
180 859 390 918 monstrabant
405 859 493 918 rebus
509 854 545 916 ad
561 853 638 934 ipati.
664 877 695 917 v.
715 856 814 918 1054:
832 860 947 937 respuit
962 854 999 915 ab
1014 873 1056 916 55.
1083 876 1115 917 v.
1133 856 1233 917 1191:

65 979 89 1018 a
101 955 299 1038 pedibusque
314 961 490 1020 minutatim
506 962 663 1021 succedere
679 963 774 1039 frigus
789 983 851 1022 non
866 961 1036 1021 dubitabat.
1111 951 1113 959 ’

165 1058 197 1140 b)
218 1057 424 1140 Significatio
447 1059 512 1122 looi
531 1059 730 1122 transfertur
750 1059 791 1122 ad
806 1066 949 1144 tempus.
981 1059 1009 1137 Ι,
1028 1061 1106 1124 554:
1132 1067 1168 1122 ut
1192 1065 1237 1122 nil

68 1187 110 1224 ex
127 1167 191 1226 illis
207 1185 225 1223 5
242 1168 323 1224 cerdo
339 1167 469 1242 tempore
490 1173 592 1246 posset
611 1171 792 1246 conceptum
812 1187 929 1228 summa
948 1168 1057 1226 aetatis
1072 1166 1235 1244 pervadere

58 1259 155 1326 'finis
186 1286 218 1326 v.
239 1266 314 1328 769:
336 1274 472 1348 tempore
494 1272 531 1331 ab
553 1272 644 1330 omui.
676 1265 743 1343 ΙΙΙ,
766 1268 844 1330 331:
868 1271 906 1328 ab
921 1271 1038 1348 origine
1053 1270 1159 1347 prima.
1190 1263 1234 1341 V,

72 1370 157 1430 548:
177 1367 283 1447 prima
306 1377 452 1451 concepta
475 1369 512 1430 ab
537 1368 653 1448 eripiar
676 1374 794 1432 mundi.
833 1390 863 1432 v.
889 1369 967 1432 678:
993 1373 1037 1430 ita
1059 1392 1106 1431 res
1130 1371 1236 1430 mundi

73 1474 214 1534 cecidere
236 1469 272 1532 ad
295 1470 411 1550 eripiar
425 1471 539 1551 primu.
576 1470 639 1548 Ν,
663 1472 725 1534 538
747 1495 844 1536 sermo
870 1508 902 1516 -
928 1494 1051 1534 aurorae
1071 1475 1236 1553 perductus

74 1572 115 1632 ab
133 1570 286 1634 exoriente
301 1571 412 1636 55555.
444 1573 487 1651 V,
505 1575 583 1637 977:
605 1573 629 1634 5“
640 1573 747 1652 parvis
763 1578 845 1656 quod
860 1579 940 1637 enim
957 1580 1137 1639 consuerant
1153 1577 1234 1634 cett.

167 1676 196 1756 5)
225 1675 339 1738 Motus
372 1674 465 1738 notio
495 1675 693 1738 transfertur
723 1674 765 1738 ad
794 1675 939 1752 55115555,
972 1695 1054 1758 quae
1085 1673 1237 1736 alicunde

76 1782 239 1841 exeuntes
261 1776 328 1840 vim
349 1799 441 1840 suain
462 1784 626 1841 exercent.
660 1775 857 1861 Saepissime
877 1776 912 1840 id
933 1777 972 1840 fit
986 1777 1074 1861 apud
1088 1775 1236 1860 passivas

76 1879 173 1942 verbi
197 1878 334 1957 formae,
364 1878 530 1943 interdum
555 1879 655 1942 etiam
679 1880 765 1964 apud
789 1878 1028 1944 intransitivae.
1069 1880 1234 1964 (Kampm.

78 1984 151 2045 15.
175 2004 207 2064 p.
227 1984 290 2065 17).
328 1982 355 2060 Ι,
379 1984 457 2046 813:
484 1982 663 2046 adiiciuntur
691 2021 722 2029 -
751 1991 843 2066 atque
868 1983 981 2046 515555·
1004 2008 1059 2048 555
1083 1982 1174 2046 certic
1200 1981 1237 2044 ub

78 2086 177 2147 55555.
211 2084 258 2163 ΙΙ,
277 2087 333 2148 99:
351 2109 418 2168 pars
435 2091 526 2148 etiam
546 2091 687 2150 brevibus
707 2091 813 2170 spatiis
832 2091 983 2148 55555155
1003 2084 1040 2147 55
1060 2085 1136 2146 ictu.
1168 2083 1235 2162 III,

80 2193 158 2253 285:
181 2198 216 2253 ut
236 2192 380 2271 quiddam
391 2188 468 2271 fieri
488 2193 628 2252 videatur
649 2188 686 2250 ab
709 2188 843 2252 omuibus
864 2213 968 2252 unum.
1000 2210 1031 2250 v.
1049 2189 1128 2252 823:
1153 2193 1239 2252 Haec

80 2300 176 2373 igitur
191 2301 299 2356 natura
314 2295 435 2352 155555
449 2311 572 2371 corpore
586 2291 623 2352 ab
640 2290 731 2353 5555.
753 2313 785 2356 v.
797 2293 875 2355 430:
893 2314 913 2354 5
928 2289 1017 2353 terrui
1032 2311 1126 2354 causa
1141 2294 1238 2370 magis

79 2402 142 2460 icta
160 2403 307 2458 movetur.
338 2415 369 2455 v.
388 2395 467 2456 522:
489 2398 624 2456 flectitur
639 2418 656 2456 a
670 2399 829 2458 medicina.
860 2416 891 2456 v.
910 2395 987 2457 567:
1008 2401 1153 2458 tenentur
1174 2417 1237 2456 cor·

44 2513 47 2518 '
79 2524 150 2582 pore
171 2503 208 2561 ab
230 2502 320 2560 omni.
352 2495 414 2573 IV,
431 2497 509 2560 478:
527 2501 661 2559 invenies
676 2495 789 2576 primis
810 2496 847 2558 ab
869 2496 1237 2560 5555155555555555155

79 2607 220 2666 notitiem
235 2605 307 2662 veri.
332 2621 363 2662 v.
382 2601 436 2662 551
453 2621 459 2658 :
477 2604 622 2681 asperitas
643 2636 673 2644 -
694 2598 1237 2684 555155155555551515551551515·

80 2730 155 2768 rum.
185 2725 217 2766 v.
240 2704 317 2767 591:
344 2707 410 2764 loca
434 2702 553 2764 (155555
578 2699 615 2762 ab
640 2700 730 2763 dicia.
763 2723 794 2764 v.
819 2703 917 2765 1087:
944 2700 1093 2780 reatiapm'
1117 2724 1238 2782 quoque

81 2832 165 2890 posse
181 2805 218 2867 ab
235 2805 335 2868 551555
351 2825 472 2885 corpore
486 2810 646 2869 flammam.
677 2826 710 2866 v.
730 2806 827 2868 1168:
851 2815 884 2868 at
898 2809 1004 2868 Lamia
1023 2812 1055 2866 et
1075 2827 1239 2866 mammosa

83 2916 169 2974 Ceres
195 2917 241 2972 est
267 2913 333 2990 ipsa
353 2906 390 2970 ad
413 2905 535 2980 Iacche,
563 2905 652 2989 quod
672 2913 723 2970 est
744 2906 891 2990 elliptioe
914 2905 1050 2984 dictum,
1073 2927 1105 2968 v.
1127 2904 1237 2968 Hand.

84 3010 222 3074 Tursell.
245 3009 274 3088 I,
291 3033 324 3093 p.
344 3011 394 3072 29.
418 3007 481 3086 IV,
500 3012 598 3073 1234:
622 3021 708 3093 pater
723 3033 741 3071 5
758 3009 865 3090 pactis
880 3035 918 3074 ne
940 3008 1081 3072 dulcibus
1097 3032 1240 3092 umquam

85 3114 265 3195 appelletur.
297 3112 338 3189 V,
358 3113 435 3175 222:
459 3111 558 3174 saeuis
572 3113 730 3192 proiecta-s
752 3112 788 3174 55
804 3112 897 3174 audio
912 3118 1024 3178 navita.
1054 3133 1086 3174 v.
1105 3113 1184 3174 300:
1203 3109 1240 3172 ab

87 3214 218 3279 omnibus
233 3214 354 3295 5951555
370 3220 397 3278 ei
413 3219 539 3278 exitium
559 3251 590 3262 -
612 3214 741 3278 celatur.
764 3237 796 3278 v.
814 3217 893 3278 306:
912 3241 973 3280 non
989 3219 1103 3298 lapides
1119 3237 1240 3296 quoque

88 3318 165 3382 51555
182 3323 277 3382 cernis
293 3317 330 3380 ab
347 3338 430 3380 5555.
454 3340 484 3379 v.
502 3319 578 3382 358:
596 3342 694 3400 neque
711 3318 748 3380 ab
764 3317 828 3382 5515
832 3317 985 3403 satagitur
1002 3318 1046 3400 (h.
1060 3338 1088 3379 e.
1105 3313 1251 3400 patitur)

89 3428 190 3486 hilum.
216 3443 246 3482 v.
265 3423 343 3484 604:
361 3426 407 3484 uti
422 3445 484 3484 non
499 3419 1073 3504 5555555115αό15555555555515151
1092 3456 1124 3466 —
1145 3423 1241 3481 ardor.
1297 3413 1306 3427 ⁸
1430 3493 1435 3502 ι

91 3524 149 3602 VI,
168 3525 242 3588 709:
260 3547 330 3588 nam
346 3549 444 3606 neque
460 3523 627 3608 eumferro
643 3549 698 3588 neo
706 3523 832 3608 sripore
848 3530 966 3586 vincare
983 3528 1078 3605 possis
1092 3526 1242 3586 interiisse

91 3651 183 3710 neque
200 3650 217 3688 5
233 3625 331 3688 morbo
347 3651 445 3709 neque
466 3633 544 3690 forte
559 3647 683 3690 555555.
716 3649 747 3688 v.
767 3628 844 3690 720:
869 3611 944 3708 quae
961 3624 1076 3706 peridis
1091 3625 1128 3687 ab
1144 3622 1229 3686 riell'

92 3736 150 3794 axis
165 3735 308 3809 5555155.
330 3751 363 3790 v.
381 3730 459 3793 875:
477 3735 510 3792 in
525 3734 624 3794 lucam
640 3729 766 3792 555515
782 3735 906 3794 rarescit
921 3728 958 3790 ud
975 3733 1070 3792 5555.
1094 3750 1123 3790 v.
1143 3727 1242 3789 1079:

94 3839 208 3915 aerique
228 3856 276 3894 aes
291 3831 416 3912 plumbo
437 3838 473 3895 fit
494 3838 540 3896 uti
562 3831 874 3912 555551555551551
902 3853 934 3894 v.
953 3834 1053 3894 1266:
1077 3829 1245 3892 interclusa

95 3942 188 4000 anima
203 3930 299 3997 nimiu
315 3934 352 3996 ab
369 3933 530 3997 drulceda'oe
546 3959 701 4017 aquarum.

181 4037 263 4099 055.
286 4037 315 4114 Ι,
334 4040 412 4102 114:
430 4043 566 4102 55551-
580 4043 747 4102 nobiseum.
764 4060 795 4101 v.
810 4038 886 4101 777:
904 4043 1077 4119 mixtusque
1092 4039 1247 4099 ridebitur

27 4153 30 4162 '
97 4151 143 4205 aar
157 4145 321 4202 saroterra
335 4141 429 4204 555551
446 4151 538 4223 atque
554 4146 642 4204 ardor
657 4162 722 4203 555
737 4161 805 4204 rore
820 4163 949 4204 manere.
972 4138 1040 4216 ΙΙΙ,
1056 4139 1138 4202 639:
1157 4142 1247 4202 simul

98 4270 160 4308 oum
176 4267 308 4326 corpore.
339 4266 370 4307 v.
390 4246 466 4309 667:
489 4250 615 4308 divisast
630 4269 665 4308 ea
680 4269 756 4330 quae
772 4249 831 4308 fuit
847 4241 1094 4306 5555555155
1112 4259 1244 4321 corpore.

99 4347 155 4423 VI,
172 4348 250 4410 276:
268 4371 359 4430 saque
375 4354 465 4411 simul
480 4369 545 4409 555
561 4369 594 4411 55
611 4346 794 4410 5555155511
809 4345 885 4428 iqui.
908 4343 937 4424 I,
955 4347 1031 4409 130:
1049 4347 1246 4426 cumprimis.
