<?xml version="1.0" encoding="UTF-8"?>
<!DOCTYPE html PUBLIC "-//W3C//DTD XHTML 1.0 Transitional//EN"
    "http://www.w3.org/TR/xhtml1/DTD/xhtml1-transitional.dtd">
<html xmlns="http://www.w3.org/1999/xhtml" xml:lang="en" lang="en">
 <head>
  <title>
</title>
<meta http-equiv="Content-Type" content="text/html;charset=utf-8" />
  <meta name='ocr-system' content='tesseract 3.04.00' />
  <meta name='ocr-capabilities' content='ocr_page ocr_carea ocr_par ocr_line ocrx_word'/>
</head>
<body>
  <div class='ocr_page' id='page_1' title='image "./syntaxislucreti01holtgoog_0202.png"; bbox 0 0 2932 4966; ppageno 0'>
   <div class='ocr_carea' id='block_1_1' title="bbox 383 356 1302 426">
    <p class='ocr_par' dir='ltr' id='par_1_1' title="bbox 383 356 1302 426">
     <span class='ocr_line' id='line_1_1' title="bbox 383 356 1302 426; baseline -0.003 -6"><span class='ocrx_word' id='word_1_1' title='bbox 383 411 388 420; x_wconf 84' lang='lat'><strong>.</strong></span> <span class='ocrx_word' id='word_1_2' title='bbox 447 380 649 426; x_wconf 81' lang='grc'><strong>3331133113</strong></span> <span class='ocrx_word' id='word_1_3' title='bbox 674 378 907 423; x_wconf 73' lang='grc'><strong>3331131311</strong></span> <span class='ocrx_word' id='word_1_4' title='bbox 931 377 1003 420; x_wconf 81' lang='lat' dir='ltr'><strong>ocu.</strong></span> <span class='ocrx_word' id='word_1_5' title='bbox 1242 356 1302 418; x_wconf 86' lang='grc'><strong>193</strong></span> 
     </span>
    </p>
   </div>
   <div class='ocr_carea' id='block_1_2' title="bbox 148 542 1306 944">
    <p class='ocr_par' dir='ltr' id='par_1_2' title="bbox 148 542 1302 736">
     <span class='ocr_line' id='line_1_2' title="bbox 148 542 1302 634; baseline -0.012 -18"><span class='ocrx_word' id='word_1_6' title='bbox 148 559 236 634; x_wconf 86' lang='lat' dir='ltr'><strong>ignis.</strong></span> <span class='ocrx_word' id='word_1_7' title='bbox 261 551 301 613; x_wconf 79' lang='lat' dir='ltr'><strong>L.</strong></span> <span class='ocrx_word' id='word_1_8' title='bbox 319 551 519 629; x_wconf 83' lang='lat' dir='ltr'><strong>„Corrector</strong></span> <span class='ocrx_word' id='word_1_9' title='bbox 536 549 672 630; x_wconf 75' lang='lat' dir='ltr'><strong>oblongi</strong></span> <span class='ocrx_word' id='word_1_10' title='bbox 687 570 753 609; x_wconf 82' lang='lat' dir='ltr'><strong>com</strong></span> <span class='ocrx_word' id='word_1_11' title='bbox 769 553 893 611; x_wconf 87' lang='lat' dir='ltr'><strong>diditur.</strong></span> <span class='ocrx_word' id='word_1_12' title='bbox 919 547 988 608; x_wconf 82' lang='lat' dir='ltr'><strong>dom</strong></span> <span class='ocrx_word' id='word_1_13' title='bbox 1005 542 1201 607; x_wconf 88' lang='lat' dir='ltr'><strong>servandum</strong></span> <span class='ocrx_word' id='word_1_14' title='bbox 1218 547 1302 604; x_wconf 84' lang='lat' dir='ltr'><strong>erat:</strong></span> 
     </span>
     <span class='ocr_line' id='line_1_3' title="bbox 148 649 981 736; baseline -0.006 -19"><span class='ocrx_word' id='word_1_15' title='bbox 148 662 188 717; x_wconf 87' lang='lat' dir='ltr'><strong>ut</strong></span> <span class='ocrx_word' id='word_1_16' title='bbox 203 660 254 717; x_wconf 89' lang='lat' dir='ltr'><strong>est</strong></span> <span class='ocrx_word' id='word_1_17' title='bbox 269 675 362 716; x_wconf 86' lang='lat' dir='ltr'><strong>sacer</strong></span> <span class='ocrx_word' id='word_1_18' title='bbox 377 652 476 736; x_wconf 87' lang='lat' dir='ltr'><strong>ignis,</strong></span> <span class='ocrx_word' id='word_1_19' title='bbox 494 654 564 714; x_wconf 81' lang='lat' dir='ltr'><strong>dom</strong></span> <span class='ocrx_word' id='word_1_20' title='bbox 578 671 637 734; x_wconf 88' lang='lat' dir='ltr'><strong>per</strong></span> <span class='ocrx_word' id='word_1_21' title='bbox 652 651 799 713; x_wconf 85' lang='lat' dir='ltr'><strong>membra</strong></span> <span class='ocrx_word' id='word_1_22' title='bbox 816 649 981 712; x_wconf 88' lang='lat' dir='ltr'><strong>diditur.“</strong></span> 
     </span>
    </p>

    <p class='ocr_par' dir='ltr' id='par_1_3' title="bbox 149 747 1306 944">
     <span class='ocr_line' id='line_1_4' title="bbox 235 747 1305 836; baseline -0.009 -17"><span class='ocrx_word' id='word_1_23' title='bbox 235 779 263 819; x_wconf 93' lang='lat' dir='ltr'><strong>c.</strong></span> <span class='ocrx_word' id='word_1_24' title='bbox 293 756 397 835; x_wconf 76' lang='lat' dir='ltr'><strong>Quom.</strong></span> <span class='ocrx_word' id='word_1_25' title='bbox 430 753 478 832; x_wconf 90' lang='lat' dir='ltr'><strong>II,</strong></span> <span class='ocrx_word' id='word_1_26' title='bbox 496 757 557 817; x_wconf 83' lang='lat'><strong>929</strong></span> <span class='ocrx_word' id='word_1_27' title='bbox 579 765 691 818; x_wconf 87' lang='lat' dir='ltr'><strong>terram</strong></span> <span class='ocrx_word' id='word_1_28' title='bbox 711 760 908 836; x_wconf 86' lang='lat' dir='ltr'><strong>tempestivos</strong></span> <span class='ocrx_word' id='word_1_29' title='bbox 930 773 1015 836; x_wconf 80' lang='lat' dir='ltr'><strong>quom</strong></span> <span class='ocrx_word' id='word_1_30' title='bbox 1038 750 1097 832; x_wconf 77' lang='lat' dir='ltr'><strong>(sic</strong></span> <span class='ocrx_word' id='word_1_31' title='bbox 1113 747 1305 829; x_wconf 81' lang='lat' dir='ltr'><strong>Lambinus)</strong></span> 
     </span>
     <span class='ocr_line' id='line_1_5' title="bbox 149 852 1306 944; baseline -0.011 -20"><span class='ocrx_word' id='word_1_32' title='bbox 149 870 240 944; x_wconf 89' lang='lat' dir='ltr'><strong>putor</strong></span> <span class='ocrx_word' id='word_1_33' title='bbox 263 865 345 942; x_wconf 87' lang='lat' dir='ltr'><strong>cepit</strong></span> <span class='ocrx_word' id='word_1_34' title='bbox 364 863 403 921; x_wconf 92' lang='lat' dir='ltr'><strong>ob</strong></span> <span class='ocrx_word' id='word_1_35' title='bbox 422 863 536 921; x_wconf 88' lang='lat' dir='ltr'><strong>imbris.</strong></span> <span class='ocrx_word' id='word_1_36' title='bbox 566 857 633 935; x_wconf 90' lang='grc' dir='ltr'><strong>ΙΙΙ,</strong></span> <span class='ocrx_word' id='word_1_37' title='bbox 653 860 746 935; x_wconf 88' lang='grc'><strong>1068,</strong></span> <span class='ocrx_word' id='word_1_38' title='bbox 769 879 800 918; x_wconf 89' lang='grc'><strong>1.</strong></span> <span class='ocrx_word' id='word_1_39' title='bbox 817 856 955 918; x_wconf 81' lang='grc'><strong>11331131.</strong></span> <span class='ocrx_word' id='word_1_40' title='bbox 983 854 1025 932; x_wconf 89' lang='lat' dir='ltr'><strong>V,</strong></span> <span class='ocrx_word' id='word_1_41' title='bbox 1043 856 1125 917; x_wconf 89' lang='grc'><strong>1083</strong></span> <span class='ocrx_word' id='word_1_42' title='bbox 1142 852 1306 932; x_wconf 83' lang='lat' dir='ltr'><strong>oblongus</strong></span> 
     </span>
    </p>
   </div>
   <div class='ocr_carea' id='block_1_3' title="bbox 149 955 1452 1047">
    <p class='ocr_par' dir='ltr' id='par_1_4' title="bbox 149 955 1452 1047">
     <span class='ocr_line' id='line_1_6' title="bbox 149 955 1452 1047; baseline -0.01 -22"><span class='ocrx_word' id='word_1_43' title='bbox 149 984 248 1047; x_wconf 80' lang='lat' dir='ltr'><strong>quom,</strong></span> <span class='ocrx_word' id='word_1_44' title='bbox 275 960 421 1024; x_wconf 90' lang='lat' dir='ltr'><strong>eiusdem</strong></span> <span class='ocrx_word' id='word_1_45' title='bbox 444 965 609 1023; x_wconf 90' lang='lat' dir='ltr'><strong>corrector</strong></span> <span class='ocrx_word' id='word_1_46' title='bbox 630 982 707 1032; x_wconf 82' lang='lat' dir='ltr'><strong>com,</strong></span> <span class='ocrx_word' id='word_1_47' title='bbox 731 959 910 1041; x_wconf 78' lang='lat' dir='ltr'><strong>quadratus</strong></span> <span class='ocrx_word' id='word_1_48' title='bbox 933 980 989 1042; x_wconf 84' lang='lat' dir='ltr'><strong>quo</strong></span> <span class='ocrx_word' id='word_1_49' title='bbox 1010 957 1053 1019; x_wconf 79' lang='lat' dir='ltr'><strong>io.</strong></span> <span class='ocrx_word' id='word_1_50' title='bbox 1085 955 1308 1032; x_wconf 59' lang='grc'><strong>1113033313</strong></span> <span class='ocrx_word' id='word_1_51' title='bbox 1365 1018 1369 1031; x_wconf 42' lang='grc' dir='ltr'><strong><em>Ι</em></strong></span> <span class='ocrx_word' id='word_1_52' title='bbox 1450 998 1452 1028; x_wconf 77' lang='grc'><strong>,</strong></span> 
     </span>
    </p>
   </div>
   <div class='ocr_carea' id='block_1_4' title="bbox 131 1062 1322 4330">
    <p class='ocr_par' dir='ltr' id='par_1_5' title="bbox 149 1062 677 1150">
     <span class='ocr_line' id='line_1_7' title="bbox 149 1062 677 1150; baseline -0.009 -21"><span class='ocrx_word' id='word_1_53' title='bbox 149 1087 207 1150; x_wconf 89' lang='lat' dir='ltr'><strong>pro</strong></span> <span class='ocrx_word' id='word_1_54' title='bbox 225 1066 295 1127; x_wconf 81' lang='lat' dir='ltr'><strong>dum</strong></span> <span class='ocrx_word' id='word_1_55' title='bbox 309 1064 459 1141; x_wconf 74' lang='grc'><strong>11331131,</strong></span> <span class='ocrx_word' id='word_1_56' title='bbox 478 1085 575 1146; x_wconf 91' lang='lat' dir='ltr'><strong>quem</strong></span> <span class='ocrx_word' id='word_1_57' title='bbox 590 1062 677 1126; x_wconf 86' lang='lat' dir='ltr'><strong>vide.</strong></span> 
     </span>
    </p>

    <p class='ocr_par' dir='ltr' id='par_1_6' title="bbox 131 1156 1322 4232">
     <span class='ocr_line' id='line_1_8' title="bbox 237 1156 1308 1249; baseline -0.006 -21"><span class='ocrx_word' id='word_1_58' title='bbox 237 1167 268 1229; x_wconf 91' lang='lat' dir='ltr'><strong>d.</strong></span> <span class='ocrx_word' id='word_1_59' title='bbox 296 1169 326 1228; x_wconf 76' lang='lat' dir='ltr'><strong>A</strong></span> <span class='ocrx_word' id='word_1_60' title='bbox 350 1187 415 1227; x_wconf 83' lang='lat' dir='ltr'><strong>com</strong></span> <span class='ocrx_word' id='word_1_61' title='bbox 439 1164 617 1228; x_wconf 83' lang='lat' dir='ltr'><strong>formatum</strong></span> <span class='ocrx_word' id='word_1_62' title='bbox 643 1172 693 1228; x_wconf 88' lang='lat' dir='ltr'><strong>est</strong></span> <span class='ocrx_word' id='word_1_63' title='bbox 718 1187 857 1249; x_wconf 79' lang='lat' dir='ltr'><strong>comque,</strong></span> <span class='ocrx_word' id='word_1_64' title='bbox 884 1165 923 1227; x_wconf 90' lang='lat' dir='ltr'><strong>de</strong></span> <span class='ocrx_word' id='word_1_65' title='bbox 949 1162 1040 1226; x_wconf 91' lang='lat' dir='ltr'><strong>ouius</strong></span> <span class='ocrx_word' id='word_1_66' title='bbox 1066 1156 1308 1244; x_wconf 68' lang='lat' dir='ltr'><strong>significattione</strong></span> 
     </span>
     <span class='ocr_line' id='line_1_9' title="bbox 152 1267 1309 1350; baseline -0.008 -17"><span class='ocrx_word' id='word_1_67' title='bbox 152 1270 225 1334; x_wconf 88' lang='lat' dir='ltr'><strong>vide</strong></span> <span class='ocrx_word' id='word_1_68' title='bbox 246 1269 357 1332; x_wconf 89' lang='lat' dir='ltr'><strong>Hand.</strong></span> <span class='ocrx_word' id='word_1_69' title='bbox 378 1269 516 1333; x_wconf 77' lang='lat' dir='ltr'><strong>Tursell.</strong></span> <span class='ocrx_word' id='word_1_70' title='bbox 538 1268 586 1346; x_wconf 92' lang='grc' dir='ltr'><strong>ΙΙ,</strong></span> <span class='ocrx_word' id='word_1_71' title='bbox 605 1269 678 1332; x_wconf 97' lang='grc'><strong>173.</strong></span> <span class='ocrx_word' id='word_1_72' title='bbox 711 1267 932 1350; x_wconf 77' lang='lat' dir='ltr'><strong>Coniungitur</strong></span> <span class='ocrx_word' id='word_1_73' title='bbox 953 1274 1063 1330; x_wconf 85' lang='lat' dir='ltr'><strong>autem</strong></span> <span class='ocrx_word' id='word_1_74' title='bbox 1085 1285 1213 1347; x_wconf 91' lang='lat' dir='ltr'><strong>semper</strong></span> <span class='ocrx_word' id='word_1_75' title='bbox 1234 1284 1309 1325; x_wconf 88' lang='lat' dir='ltr'><strong>cum</strong></span> 
     </span>
     <span class='ocr_line' id='line_1_10' title="bbox 150 1365 1307 1455; baseline -0.008 -19"><span class='ocrx_word' id='word_1_76' title='bbox 150 1371 310 1449; x_wconf 81' lang='lat' dir='ltr'><strong>relativis,</strong></span> <span class='ocrx_word' id='word_1_77' title='bbox 336 1395 356 1434; x_wconf 89' lang='grc'><strong>3</strong></span> <span class='ocrx_word' id='word_1_78' title='bbox 381 1372 499 1454; x_wconf 89' lang='lat' dir='ltr'><strong>quibus</strong></span> <span class='ocrx_word' id='word_1_79' title='bbox 520 1369 578 1455; x_wconf 78' lang='lat' dir='ltr'><strong>per</strong></span> <span class='ocrx_word' id='word_1_80' title='bbox 601 1371 722 1434; x_wconf 85' lang='lat' dir='ltr'><strong>tmesin</strong></span> <span class='ocrx_word' id='word_1_81' title='bbox 748 1393 845 1454; x_wconf 84' lang='lat' dir='ltr'>saepe</span> <span class='ocrx_word' id='word_1_82' title='bbox 868 1370 1041 1432; x_wconf 71' lang='lat' dir='ltr'><strong>dirimitur.</strong></span> <span class='ocrx_word' id='word_1_83' title='bbox 1075 1370 1137 1431; x_wconf 89' lang='lat' dir='ltr'><strong>Per</strong></span> <span class='ocrx_word' id='word_1_84' title='bbox 1160 1388 1194 1429; x_wconf 90' lang='lat' dir='ltr'><strong>se</strong></span> <span class='ocrx_word' id='word_1_85' title='bbox 1210 1365 1307 1442; x_wconf 89' lang='lat' dir='ltr'><strong>enim,</strong></span> 
     </span>
     <span class='ocr_line' id='line_1_11' title="bbox 151 1467 1308 1558; baseline -0.01 -18"><span class='ocrx_word' id='word_1_86' title='bbox 151 1498 218 1540; x_wconf 90' lang='lat' dir='ltr'><strong>non</strong></span> <span class='ocrx_word' id='word_1_87' title='bbox 238 1476 380 1538; x_wconf 77' lang='lat' dir='ltr'><strong>relatum</strong></span> <span class='ocrx_word' id='word_1_88' title='bbox 400 1474 441 1536; x_wconf 84' lang='lat' dir='ltr'><strong>ad</strong></span> <span class='ocrx_word' id='word_1_89' title='bbox 462 1473 639 1538; x_wconf 83' lang='lat' dir='ltr'><strong>relativum</strong></span> <span class='ocrx_word' id='word_1_90' title='bbox 656 1493 852 1557; x_wconf 87' lang='lat' dir='ltr'><strong>quamquam</strong></span> <span class='ocrx_word' id='word_1_91' title='bbox 868 1473 944 1558; x_wconf 93' lang='lat' dir='ltr'><strong>poni</strong></span> <span class='ocrx_word' id='word_1_92' title='bbox 960 1491 1057 1557; x_wconf 87' lang='lat' dir='ltr'><strong>posse</strong></span> <span class='ocrx_word' id='word_1_93' title='bbox 1074 1468 1203 1533; x_wconf 88' lang='lat' dir='ltr'><strong>censuit</strong></span> <span class='ocrx_word' id='word_1_94' title='bbox 1218 1467 1308 1530; x_wconf 91' lang='lat' dir='ltr'><strong>Han·</strong></span> 
     </span>
     <span class='ocr_line' id='line_1_12' title="bbox 151 1574 1310 1663; baseline -0.008 -21"><span class='ocrx_word' id='word_1_95' title='bbox 151 1578 225 1642; x_wconf 90' lang='lat' dir='ltr'><strong>dius</strong></span> <span class='ocrx_word' id='word_1_96' title='bbox 243 1602 277 1663; x_wconf 90' lang='lat' dir='ltr'><strong>p.</strong></span> <span class='ocrx_word' id='word_1_97' title='bbox 295 1579 368 1655; x_wconf 89' lang='grc'><strong>374,</strong></span> <span class='ocrx_word' id='word_1_98' title='bbox 390 1583 501 1641; x_wconf 87' lang='grc'><strong>131333</strong></span> <span class='ocrx_word' id='word_1_99' title='bbox 521 1584 612 1640; x_wconf 88' lang='grc'><strong>13313</strong></span> <span class='ocrx_word' id='word_1_100' title='bbox 632 1580 717 1642; x_wconf 89' lang='lat' dir='ltr'><strong>hano</strong></span> <span class='ocrx_word' id='word_1_101' title='bbox 733 1577 932 1641; x_wconf 72' lang='lat' dir='ltr'><strong>sententiam</strong></span> <span class='ocrx_word' id='word_1_102' title='bbox 949 1575 1064 1640; x_wconf 80' lang='lat' dir='ltr'><strong>reiecit</strong></span> <span class='ocrx_word' id='word_1_103' title='bbox 1078 1574 1310 1636; x_wconf 87' lang='lat' dir='ltr'><strong>Lachmannus</strong></span> 
     </span>
     <span class='ocr_line' id='line_1_13' title="bbox 153 1680 1313 1764; baseline -0.006 -20"><span class='ocrx_word' id='word_1_104' title='bbox 153 1682 195 1744; x_wconf 88' lang='lat' dir='ltr'><strong>ad</strong></span> <span class='ocrx_word' id='word_1_105' title='bbox 211 1681 253 1758; x_wconf 92' lang='lat' dir='ltr'><strong>V,</strong></span> <span class='ocrx_word' id='word_1_106' title='bbox 271 1683 345 1756; x_wconf 89' lang='grc'><strong>311,</strong></span> <span class='ocrx_word' id='word_1_107' title='bbox 368 1681 505 1743; x_wconf 79' lang='lat' dir='ltr'><strong>afferens</strong></span> <span class='ocrx_word' id='word_1_108' title='bbox 527 1680 637 1743; x_wconf 85' lang='lat' dir='ltr'><strong>locum</strong></span> <span class='ocrx_word' id='word_1_109' title='bbox 652 1680 700 1758; x_wconf 93' lang='grc' dir='ltr'><strong>ΙΙ,</strong></span> <span class='ocrx_word' id='word_1_110' title='bbox 719 1682 792 1758; x_wconf 89' lang='grc'><strong>731,</strong></span> <span class='ocrx_word' id='word_1_111' title='bbox 810 1681 867 1743; x_wconf 92' lang='lat' dir='ltr'><strong>ubi</strong></span> <span class='ocrx_word' id='word_1_112' title='bbox 883 1703 940 1764; x_wconf 90' lang='lat' dir='ltr'><strong>pro</strong></span> <span class='ocrx_word' id='word_1_113' title='bbox 959 1687 1004 1743; x_wconf 90' lang='grc'><strong>113</strong></span> <span class='ocrx_word' id='word_1_114' title='bbox 1019 1703 1147 1761; x_wconf 88' lang='lat' dir='ltr'><strong>cumque</strong></span> <span class='ocrx_word' id='word_1_115' title='bbox 1162 1683 1313 1740; x_wconf 85' lang='lat' dir='ltr'><strong>necessest</strong></span> 
     </span>
     <span class='ocr_line' id='line_1_14' title="bbox 156 1779 1312 1868; baseline -0.008 -20"><span class='ocrx_word' id='word_1_116' title='bbox 156 1823 188 1832; x_wconf 92' lang='lat'>-</span> <span class='ocrx_word' id='word_1_117' title='bbox 209 1793 346 1848; x_wconf 78' lang='lat' dir='ltr'><strong>constare</strong></span> <span class='ocrx_word' id='word_1_118' title='bbox 361 1789 451 1845; x_wconf 88' lang='lat' dir='ltr'><strong>recte</strong></span> <span class='ocrx_word' id='word_1_119' title='bbox 467 1782 601 1867; x_wconf 88' lang='lat' dir='ltr'><strong>scripsit</strong></span> <span class='ocrx_word' id='word_1_120' title='bbox 615 1783 778 1846; x_wconf 75' lang='lat' dir='ltr'><strong>Marullus</strong></span> <span class='ocrx_word' id='word_1_121' title='bbox 794 1806 950 1868; x_wconf 80' lang='lat' dir='ltr'><strong>quomque.</strong></span> <span class='ocrx_word' id='word_1_122' title='bbox 983 1783 1102 1845; x_wconf 81' lang='lat' dir='ltr'><strong>Restat</strong></span> <span class='ocrx_word' id='word_1_123' title='bbox 1118 1803 1202 1842; x_wconf 90' lang='lat' dir='ltr'><strong>unus</strong></span> <span class='ocrx_word' id='word_1_124' title='bbox 1218 1779 1312 1841; x_wconf 84' lang='lat' dir='ltr'><strong>loeus</strong></span> 
     </span>
     <span class='ocr_line' id='line_1_15' title="bbox 152 1887 1313 1969; baseline -0.003 -20"><span class='ocrx_word' id='word_1_125' title='bbox 152 1887 199 1965; x_wconf 87' lang='lat' dir='ltr'><strong>II,</strong></span> <span class='ocrx_word' id='word_1_126' title='bbox 212 1889 290 1949; x_wconf 88' lang='grc'><strong>1141</strong></span> <span class='ocrx_word' id='word_1_127' title='bbox 308 1891 531 1969; x_wconf 73' lang='lat' dir='ltr'><strong>contemplator</strong></span> <span class='ocrx_word' id='word_1_128' title='bbox 545 1892 634 1964; x_wconf 90' lang='lat' dir='ltr'><strong>enim,</strong></span> <span class='ocrx_word' id='word_1_129' title='bbox 651 1909 716 1948; x_wconf 81' lang='lat' dir='ltr'><strong>cum</strong></span> <span class='ocrx_word' id='word_1_130' title='bbox 726 1893 797 1950; x_wconf 88' lang='lat' dir='ltr'><strong>solis</strong></span> <span class='ocrx_word' id='word_1_131' title='bbox 807 1893 923 1951; x_wconf 88' lang='lat' dir='ltr'><strong>lumina</strong></span> <span class='ocrx_word' id='word_1_132' title='bbox 932 1907 1055 1969; x_wconf 77' lang='lat' dir='ltr'><strong>cumque</strong></span> <span class='ocrx_word' id='word_1_133' title='bbox 1063 1889 1169 1948; x_wconf 89' lang='lat' dir='ltr'><strong>inserti</strong></span> <span class='ocrx_word' id='word_1_134' title='bbox 1179 1888 1313 1946; x_wconf 83' lang='lat' dir='ltr'><strong>fundunt</strong></span> 
     </span>
     <span class='ocr_line' id='line_1_16' title="bbox 152 1985 1313 2073; baseline -0.008 -19"><span class='ocrx_word' id='word_1_135' title='bbox 152 1995 229 2054; x_wconf 83' lang='lat' dir='ltr'><strong>radii</strong></span> <span class='ocrx_word' id='word_1_136' title='bbox 253 2013 307 2072; x_wconf 89' lang='lat' dir='ltr'><strong>per</strong></span> <span class='ocrx_word' id='word_1_137' title='bbox 330 2013 424 2071; x_wconf 78' lang='lat' dir='ltr'><strong>opaca</strong></span> <span class='ocrx_word' id='word_1_138' title='bbox 448 1994 615 2067; x_wconf 88' lang='lat' dir='ltr'><strong>domorum,</strong></span> <span class='ocrx_word' id='word_1_139' title='bbox 640 1988 697 2051; x_wconf 91' lang='lat' dir='ltr'><strong>ubi</strong></span> <span class='ocrx_word' id='word_1_140' title='bbox 717 1997 829 2053; x_wconf 86' lang='grc'><strong>13111311</strong></span> <span class='ocrx_word' id='word_1_141' title='bbox 849 2010 971 2073; x_wconf 80' lang='lat' dir='ltr'><strong>cumque</strong></span> <span class='ocrx_word' id='word_1_142' title='bbox 992 1985 1186 2072; x_wconf 86' lang='lat' dir='ltr'><strong>simpliciter</strong></span> <span class='ocrx_word' id='word_1_143' title='bbox 1205 2007 1263 2069; x_wconf 91' lang='lat' dir='ltr'><strong>pro</strong></span> <span class='ocrx_word' id='word_1_144' title='bbox 1284 1990 1313 2046; x_wconf 76' lang='lat' dir='ltr'><strong>et</strong></span> 
     </span>
     <span class='ocr_line' id='line_1_17' title="bbox 153 2078 1311 2176; baseline -0.005 -22"><span class='ocrx_word' id='word_1_145' title='bbox 153 2078 388 2174; x_wconf 41' lang='lat' dir='ltr'><strong>crcm&#39;positum</strong></span> <span class='ocrx_word' id='word_1_146' title='bbox 413 2097 475 2154; x_wconf 86' lang='lat' dir='ltr'><strong>est.</strong></span> <span class='ocrx_word' id='word_1_147' title='bbox 517 2091 594 2154; x_wconf 87' lang='lat' dir='ltr'><strong>Alia</strong></span> <span class='ocrx_word' id='word_1_148' title='bbox 619 2091 750 2154; x_wconf 85' lang='lat' dir='ltr'><strong>afferam</strong></span> <span class='ocrx_word' id='word_1_149' title='bbox 776 2093 925 2176; x_wconf 84' lang='lat' dir='ltr'><strong>exempla</strong></span> <span class='ocrx_word' id='word_1_150' title='bbox 949 2090 1142 2176; x_wconf 77' lang='lat' dir='ltr'><strong>particulae.</strong></span> <span class='ocrx_word' id='word_1_151' title='bbox 1180 2088 1209 2166; x_wconf 92' lang='grc' dir='ltr'><strong>Ι,</strong></span> <span class='ocrx_word' id='word_1_152' title='bbox 1234 2088 1311 2152; x_wconf 87' lang='grc'><strong>1771</strong></span> 
     </span>
     <span class='ocr_line' id='line_1_18' title="bbox 154 2196 1313 2280; baseline -0.003 -24"><span class='ocrx_word' id='word_1_153' title='bbox 154 2196 236 2278; x_wconf 77' lang='lat' dir='ltr'><strong>qood</strong></span> <span class='ocrx_word' id='word_1_154' title='bbox 249 2215 375 2278; x_wconf 78' lang='lat' dir='ltr'><strong>comque</strong></span> <span class='ocrx_word' id='word_1_155' title='bbox 391 2205 517 2257; x_wconf 88' lang='lat' dir='ltr'><strong>creatur.</strong></span> <span class='ocrx_word' id='word_1_156' title='bbox 542 2217 574 2256; x_wconf 90' lang='grc'><strong>1.</strong></span> <span class='ocrx_word' id='word_1_157' title='bbox 592 2198 670 2257; x_wconf 90' lang='grc'><strong>3351</strong></span> <span class='ocrx_word' id='word_1_158' title='bbox 689 2217 765 2278; x_wconf 80' lang='lat' dir='ltr'><strong>quoe</strong></span> <span class='ocrx_word' id='word_1_159' title='bbox 781 2217 903 2280; x_wconf 82' lang='lat' dir='ltr'><strong>cumque</strong></span> <span class='ocrx_word' id='word_1_160' title='bbox 918 2204 1071 2258; x_wconf 81' lang='lat' dir='ltr'><strong>vetustate</strong></span> <span class='ocrx_word' id='word_1_161' title='bbox 1087 2202 1207 2258; x_wconf 88' lang='lat' dir='ltr'><strong>amovet</strong></span> <span class='ocrx_word' id='word_1_162' title='bbox 1222 2203 1313 2256; x_wconf 80' lang='lat' dir='ltr'><strong>aetus.</strong></span> 
     </span>
     <span class='ocr_line' id='line_1_19' title="bbox 155 2295 1314 2382; baseline -0.004 -22"><span class='ocrx_word' id='word_1_163' title='bbox 155 2319 188 2360; x_wconf 93' lang='grc'><strong>1.</strong></span> <span class='ocrx_word' id='word_1_164' title='bbox 208 2299 286 2359; x_wconf 90' lang='grc'><strong>3631</strong></span> <span class='ocrx_word' id='word_1_165' title='bbox 304 2303 386 2359; x_wconf 85' lang='lat' dir='ltr'><strong>haud</strong></span> <span class='ocrx_word' id='word_1_166' title='bbox 401 2303 497 2378; x_wconf 84' lang='lat' dir='ltr'><strong>igitur</strong></span> <span class='ocrx_word' id='word_1_167' title='bbox 512 2302 633 2379; x_wconf 89' lang='lat' dir='ltr'><strong>penitus</strong></span> <span class='ocrx_word' id='word_1_168' title='bbox 649 2307 778 2379; x_wconf 89' lang='lat' dir='ltr'><strong>pereunt</strong></span> <span class='ocrx_word' id='word_1_169' title='bbox 793 2319 870 2380; x_wconf 80' lang='lat' dir='ltr'><strong>quoe</strong></span> <span class='ocrx_word' id='word_1_170' title='bbox 886 2319 1008 2382; x_wconf 76' lang='lat' dir='ltr'><strong>caroque</strong></span> <span class='ocrx_word' id='word_1_171' title='bbox 1023 2302 1174 2360; x_wconf 86' lang='lat' dir='ltr'><strong>videntur.</strong></span> <span class='ocrx_word' id='word_1_172' title='bbox 1202 2318 1233 2356; x_wconf 89' lang='grc'><strong>1.</strong></span> <span class='ocrx_word' id='word_1_173' title='bbox 1253 2295 1314 2356; x_wconf 87' lang='grc'><strong>333</strong></span> 
     </span>
     <span class='ocr_line' id='line_1_20' title="bbox 154 2403 1315 2483; baseline -0.003 -23"><span class='ocrx_word' id='word_1_174' title='bbox 154 2420 232 2482; x_wconf 82' lang='lat' dir='ltr'><strong>quac</strong></span> <span class='ocrx_word' id='word_1_175' title='bbox 248 2420 372 2483; x_wconf 80' lang='lat' dir='ltr'><strong>cumque</strong></span> <span class='ocrx_word' id='word_1_176' title='bbox 387 2404 450 2462; x_wconf 91' lang='lat' dir='ltr'><strong>dies</strong></span> <span class='ocrx_word' id='word_1_177' title='bbox 472 2435 502 2446; x_wconf 87' lang='lat'><strong>-·</strong></span> <span class='ocrx_word' id='word_1_178' title='bbox 523 2404 611 2462; x_wconf 89' lang='lat' dir='ltr'><strong>rebu&#39;s</strong></span> <span class='ocrx_word' id='word_1_179' title='bbox 631 2437 663 2446; x_wconf 81' lang='lat'>—</span> <span class='ocrx_word' id='word_1_180' title='bbox 682 2406 801 2463; x_wconf 85' lang='lat' dir='ltr'><strong>tribuit.</strong></span> <span class='ocrx_word' id='word_1_181' title='bbox 827 2423 858 2462; x_wconf 90' lang='grc'><strong>1.</strong></span> <span class='ocrx_word' id='word_1_182' title='bbox 871 2403 948 2463; x_wconf 91' lang='grc'><strong>3351</strong></span> <span class='ocrx_word' id='word_1_183' title='bbox 967 2425 1021 2464; x_wconf 88' lang='grc'><strong>333</strong></span> <span class='ocrx_word' id='word_1_184' title='bbox 1037 2423 1126 2483; x_wconf 90' lang='lat' dir='ltr'><strong>porro</strong></span> <span class='ocrx_word' id='word_1_185' title='bbox 1142 2418 1219 2482; x_wconf 80' lang='lat' dir='ltr'><strong>quae</strong></span> <span class='ocrx_word' id='word_1_186' title='bbox 1235 2417 1315 2458; x_wconf 81' lang='lat' dir='ltr'><strong>cam-</strong></span> 
     </span>
     <span class='ocr_line' id='line_1_21' title="bbox 131 2501 1317 2586; baseline -0.004 -23"><span class='ocrx_word' id='word_1_187' title='bbox 131 2539 132 2544; x_wconf 36' lang='lat'><em>*</em></span> <span class='ocrx_word' id='word_1_188' title='bbox 154 2523 213 2584; x_wconf 80' lang='lat' dir='ltr'><strong>que</strong></span> <span class='ocrx_word' id='word_1_189' title='bbox 229 2527 302 2564; x_wconf 90' lang='grc'><strong>3313</strong></span> <span class='ocrx_word' id='word_1_190' title='bbox 318 2508 472 2584; x_wconf 85' lang='lat' dir='ltr'><strong>macieque</strong></span> <span class='ocrx_word' id='word_1_191' title='bbox 483 2511 653 2566; x_wconf 89' lang='lat' dir='ltr'><strong>senescunt.</strong></span> <span class='ocrx_word' id='word_1_192' title='bbox 674 2525 705 2565; x_wconf 88' lang='grc'><strong>1.</strong></span> <span class='ocrx_word' id='word_1_193' title='bbox 717 2506 795 2566; x_wconf 78' lang='grc'><strong>4401</strong></span> <span class='ocrx_word' id='word_1_194' title='bbox 814 2513 969 2586; x_wconf 84' lang='lat' dir='ltr'><strong>praeterea</strong></span> <span class='ocrx_word' id='word_1_195' title='bbox 984 2529 1037 2586; x_wconf 88' lang='lat' dir='ltr'><strong>per</strong></span> <span class='ocrx_word' id='word_1_196' title='bbox 1052 2527 1082 2566; x_wconf 84' lang='lat' dir='ltr'><strong>ee</strong></span> <span class='ocrx_word' id='word_1_197' title='bbox 1099 2501 1179 2586; x_wconf 78' lang='lat' dir='ltr'><strong>qood</strong></span> <span class='ocrx_word' id='word_1_198' title='bbox 1193 2517 1317 2581; x_wconf 83' lang='lat' dir='ltr'><strong>comque</strong></span> 
     </span>
     <span class='ocr_line' id='line_1_22' title="bbox 155 2607 1316 2689; baseline -0.003 -23"><span class='ocrx_word' id='word_1_199' title='bbox 155 2611 223 2681; x_wconf 88' lang='lat' dir='ltr'><strong>erit,</strong></span> <span class='ocrx_word' id='word_1_200' title='bbox 239 2610 399 2667; x_wconf 55' lang='lat' dir='ltr'><strong>aut&#39;faoiet</strong></span> <span class='ocrx_word' id='word_1_201' title='bbox 413 2610 488 2686; x_wconf 89' lang='lat' dir='ltr'><strong>quid</strong></span> <span class='ocrx_word' id='word_1_202' title='bbox 504 2609 584 2666; x_wconf 86' lang='lat' dir='ltr'><strong>cett.</strong></span> <span class='ocrx_word' id='word_1_203' title='bbox 617 2628 649 2666; x_wconf 93' lang='lat' dir='ltr'><strong>v.</strong></span> <span class='ocrx_word' id='word_1_204' title='bbox 671 2607 747 2670; x_wconf 89' lang='grc'><strong>5071</strong></span> <span class='ocrx_word' id='word_1_205' title='bbox 766 2631 979 2689; x_wconf 86' lang='lat' dir='ltr'><strong>quacumque.</strong></span> <span class='ocrx_word' id='word_1_206' title='bbox 1004 2629 1036 2668; x_wconf 92' lang='grc'><strong>1.</strong></span> <span class='ocrx_word' id='word_1_207' title='bbox 1055 2607 1134 2668; x_wconf 87' lang='lat'>508:</span> <span class='ocrx_word' id='word_1_208' title='bbox 1152 2625 1211 2686; x_wconf 81' lang='lat' dir='ltr'><strong>quo</strong></span> <span class='ocrx_word' id='word_1_209' title='bbox 1227 2625 1316 2685; x_wconf 91' lang='lat' dir='ltr'><strong>porro</strong></span> 
     </span>
     <span class='ocr_line' id='line_1_23' title="bbox 156 2707 1315 2792; baseline -0.002 -25"><span class='ocrx_word' id='word_1_210' title='bbox 156 2728 279 2790; x_wconf 81' lang='lat' dir='ltr'><strong>cumque</strong></span> <span class='ocrx_word' id='word_1_211' title='bbox 293 2716 380 2769; x_wconf 86' lang='lat' dir='ltr'><strong>tenet</strong></span> <span class='ocrx_word' id='word_1_212' title='bbox 396 2732 435 2769; x_wconf 82' lang='grc'><strong>13.</strong></span> <span class='ocrx_word' id='word_1_213' title='bbox 467 2729 498 2767; x_wconf 90' lang='lat' dir='ltr'><strong>v.</strong></span> <span class='ocrx_word' id='word_1_214' title='bbox 517 2708 578 2770; x_wconf 89' lang='grc'><strong>107</strong></span> <span class='ocrx_word' id='word_1_215' title='bbox 582 2710 616 2769; x_wconf 81' lang='grc'><strong>61</strong></span> <span class='ocrx_word' id='word_1_216' title='bbox 639 2719 739 2772; x_wconf 88' lang='lat' dir='ltr'><strong>motus</strong></span> <span class='ocrx_word' id='word_1_217' title='bbox 761 2731 818 2792; x_wconf 82' lang='lat' dir='ltr'><strong>quo</strong></span> <span class='ocrx_word' id='word_1_218' title='bbox 842 2730 965 2792; x_wconf 82' lang='lat' dir='ltr'><strong>comque</strong></span> <span class='ocrx_word' id='word_1_219' title='bbox 985 2715 1131 2772; x_wconf 90' lang='lat' dir='ltr'><strong>feruntur.</strong></span> <span class='ocrx_word' id='word_1_220' title='bbox 1166 2728 1197 2767; x_wconf 88' lang='lat' dir='ltr'><strong>v.</strong></span> <span class='ocrx_word' id='word_1_221' title='bbox 1215 2707 1315 2767; x_wconf 89' lang='lat'>1111:</span> 
     </span>
     <span class='ocr_line' id='line_1_24' title="bbox 155 2806 1314 2894; baseline -0.005 -21"><span class='ocrx_word' id='word_1_222' title='bbox 155 2833 225 2873; x_wconf 85' lang='lat' dir='ltr'><strong>nam</strong></span> <span class='ocrx_word' id='word_1_223' title='bbox 246 2831 305 2891; x_wconf 81' lang='lat' dir='ltr'><strong>quo</strong></span> <span class='ocrx_word' id='word_1_224' title='bbox 327 2829 449 2892; x_wconf 80' lang='lat' dir='ltr'><strong>cumque</strong></span> <span class='ocrx_word' id='word_1_225' title='bbox 470 2815 552 2892; x_wconf 88' lang='lat' dir='ltr'><strong>prius</strong></span> <span class='ocrx_word' id='word_1_226' title='bbox 575 2815 612 2873; x_wconf 90' lang='lat' dir='ltr'><strong>de</strong></span> <span class='ocrx_word' id='word_1_227' title='bbox 634 2817 712 2893; x_wconf 84' lang='lat' dir='ltr'><strong>parti</strong></span> <span class='ocrx_word' id='word_1_228' title='bbox 733 2836 857 2894; x_wconf 83' lang='lat' dir='ltr'><strong>corpore</strong></span> <span class='ocrx_word' id='word_1_229' title='bbox 876 2817 960 2874; x_wconf 87' lang='lat' dir='ltr'><strong>desse</strong></span> <span class='ocrx_word' id='word_1_230' title='bbox 982 2816 1158 2874; x_wconf 82' lang='lat' dir='ltr'><strong>constitues.</strong></span> <span class='ocrx_word' id='word_1_231' title='bbox 1189 2806 1236 2884; x_wconf 89' lang='lat' dir='ltr'><strong>II,</strong></span> <span class='ocrx_word' id='word_1_232' title='bbox 1260 2808 1314 2868; x_wconf 87' lang='lat'><strong>21:</strong></span> 
     </span>
     <span class='ocr_line' id='line_1_25' title="bbox 157 2915 1316 2998; baseline -0.003 -24"><span class='ocrx_word' id='word_1_233' title='bbox 157 2935 254 2994; x_wconf 80' lang='lat' dir='ltr'><strong>pauca</strong></span> <span class='ocrx_word' id='word_1_234' title='bbox 277 2917 414 2974; x_wconf 87' lang='lat' dir='ltr'><strong>videmus</strong></span> <span class='ocrx_word' id='word_1_235' title='bbox 439 2937 501 2974; x_wconf 89' lang='lat' dir='ltr'><strong>esse</strong></span> <span class='ocrx_word' id='word_1_236' title='bbox 525 2938 600 2995; x_wconf 87' lang='lat' dir='ltr'><strong>opus</strong></span> <span class='ocrx_word' id='word_1_237' title='bbox 624 2920 756 2992; x_wconf 91' lang='lat' dir='ltr'><strong>omnino,</strong></span> <span class='ocrx_word' id='word_1_238' title='bbox 781 2935 858 2998; x_wconf 82' lang='lat' dir='ltr'><strong>quoe</strong></span> <span class='ocrx_word' id='word_1_239' title='bbox 882 2921 1006 2977; x_wconf 85' lang='lat' dir='ltr'><strong>demant</strong></span> <span class='ocrx_word' id='word_1_240' title='bbox 1030 2934 1152 2997; x_wconf 80' lang='lat' dir='ltr'><strong>comque</strong></span> <span class='ocrx_word' id='word_1_241' title='bbox 1171 2915 1316 2973; x_wconf 88' lang='lat' dir='ltr'><strong>dolorem.</strong></span> 
     </span>
     <span class='ocr_line' id='line_1_26' title="bbox 157 3015 1315 3100; baseline -0.002 -25"><span class='ocrx_word' id='word_1_242' title='bbox 157 3035 188 3075; x_wconf 91' lang='lat' dir='ltr'><strong>v.</strong></span> <span class='ocrx_word' id='word_1_243' title='bbox 206 3017 285 3076; x_wconf 88' lang='grc'><strong>4041</strong></span> <span class='ocrx_word' id='word_1_244' title='bbox 309 3034 386 3096; x_wconf 81' lang='lat' dir='ltr'><strong>quoe</strong></span> <span class='ocrx_word' id='word_1_245' title='bbox 406 3039 507 3077; x_wconf 86' lang='grc'><strong>331313</strong></span> <span class='ocrx_word' id='word_1_246' title='bbox 526 3024 618 3097; x_wconf 85' lang='lat' dir='ltr'><strong>atque</strong></span> <span class='ocrx_word' id='word_1_247' title='bbox 639 3041 743 3099; x_wconf 86' lang='lat' dir='ltr'><strong>aspera</strong></span> <span class='ocrx_word' id='word_1_248' title='bbox 757 3033 887 3100; x_wconf 65' lang='lat' dir='ltr'><strong>*comque</strong></span> <span class='ocrx_word' id='word_1_249' title='bbox 906 3023 1058 3081; x_wconf 85' lang='lat' dir='ltr'><strong>videntur.</strong></span> <span class='ocrx_word' id='word_1_250' title='bbox 1088 3039 1120 3078; x_wconf 91' lang='grc'><strong>1.</strong></span> <span class='ocrx_word' id='word_1_251' title='bbox 1137 3017 1212 3078; x_wconf 88' lang='grc'><strong>461.</strong></span> <span class='ocrx_word' id='word_1_252' title='bbox 1237 3015 1315 3076; x_wconf 83' lang='grc'><strong>8651</strong></span> 
     </span>
     <span class='ocr_line' id='line_1_27' title="bbox 156 3122 1318 3202; baseline -0.003 -22"><span class='ocrx_word' id='word_1_253' title='bbox 156 3122 249 3180; x_wconf 86' lang='lat' dir='ltr'><strong>Nune</strong></span> <span class='ocrx_word' id='word_1_254' title='bbox 261 3137 381 3199; x_wconf 79' lang='lat' dir='ltr'><strong>eaquae</strong></span> <span class='ocrx_word' id='word_1_255' title='bbox 392 3124 503 3180; x_wconf 89' lang='lat' dir='ltr'><strong>sentire</strong></span> <span class='ocrx_word' id='word_1_256' title='bbox 514 3122 650 3181; x_wconf 88' lang='lat' dir='ltr'><strong>videmus</strong></span> <span class='ocrx_word' id='word_1_257' title='bbox 667 3140 789 3202; x_wconf 75' lang='lat' dir='ltr'><strong>curaque</strong></span> <span class='ocrx_word' id='word_1_258' title='bbox 805 3131 955 3184; x_wconf 85' lang='lat' dir='ltr'><strong>necessest</strong></span> <span class='ocrx_word' id='word_1_259' title='bbox 968 3146 1004 3184; x_wconf 83' lang='lat' dir='ltr'><strong>ex</strong></span> <span class='ocrx_word' id='word_1_260' title='bbox 1014 3123 1205 3183; x_wconf 86' lang='lat' dir='ltr'><strong>insensilibus</strong></span> <span class='ocrx_word' id='word_1_261' title='bbox 1216 3126 1318 3178; x_wconf 83' lang='grc'><strong>133133</strong></span> 
     </span>
     <span class='ocr_line' id='line_1_28' title="bbox 158 3217 1319 3305; baseline -0.003 -23"><span class='ocrx_word' id='word_1_262' title='bbox 158 3225 261 3282; x_wconf 88' lang='grc'><strong>313313</strong></span> <span class='ocrx_word' id='word_1_263' title='bbox 286 3225 446 3282; x_wconf 64' lang='lat' dir='ltr'><strong>confiteare</strong></span> <span class='ocrx_word' id='word_1_264' title='bbox 470 3226 626 3302; x_wconf 87' lang='lat' dir='ltr'><strong>principiis</strong></span> <span class='ocrx_word' id='word_1_265' title='bbox 650 3231 796 3286; x_wconf 86' lang='lat' dir='ltr'><strong>constare.</strong></span> <span class='ocrx_word' id='word_1_266' title='bbox 827 3222 894 3300; x_wconf 91' lang='grc' dir='ltr'><strong>ΙΙΙ,</strong></span> <span class='ocrx_word' id='word_1_267' title='bbox 918 3224 956 3286; x_wconf 88' lang='grc'><strong>37</strong></span> <span class='ocrx_word' id='word_1_268' title='bbox 979 3245 1214 3305; x_wconf 88' lang='lat' dir='ltr'><strong>quaecumque,</strong></span> <span class='ocrx_word' id='word_1_269' title='bbox 1237 3217 1319 3280; x_wconf 88' lang='lat' dir='ltr'><strong>item</strong></span> 
     </span>
     <span class='ocr_line' id='line_1_29' title="bbox 161 3320 1319 3409; baseline -0.002 -27"><span class='ocrx_word' id='word_1_270' title='bbox 161 3321 221 3398; x_wconf 83' lang='lat' dir='ltr'><strong>IV,</strong></span> <span class='ocrx_word' id='word_1_271' title='bbox 244 3322 318 3384; x_wconf 85' lang='grc'><strong>438.</strong></span> <span class='ocrx_word' id='word_1_272' title='bbox 351 3320 393 3399; x_wconf 90' lang='lat' dir='ltr'><strong>V,</strong></span> <span class='ocrx_word' id='word_1_273' title='bbox 415 3325 489 3386; x_wconf 83' lang='lat'><strong>426.</strong></span> <span class='ocrx_word' id='word_1_274' title='bbox 517 3325 589 3386; x_wconf 87' lang='grc'><strong>857.</strong></span> <span class='ocrx_word' id='word_1_275' title='bbox 622 3323 689 3401; x_wconf 91' lang='grc' dir='ltr'><strong>ΙΙΙ,</strong></span> <span class='ocrx_word' id='word_1_276' title='bbox 713 3327 774 3387; x_wconf 90' lang='grc'><strong>550</strong></span> <span class='ocrx_word' id='word_1_277' title='bbox 799 3331 851 3388; x_wconf 88' lang='lat' dir='ltr'><strong>alii</strong></span> <span class='ocrx_word' id='word_1_278' title='bbox 875 3352 978 3389; x_wconf 86' lang='lat' dir='ltr'><strong>sensus</strong></span> <span class='ocrx_word' id='word_1_279' title='bbox 1002 3324 1171 3409; x_wconf 76' lang='lat' dir='ltr'><strong>quiritem</strong></span> <span class='ocrx_word' id='word_1_280' title='bbox 1197 3341 1319 3404; x_wconf 79' lang='lat' dir='ltr'><strong>cumque</strong></span> 
     </span>
     <span class='ocr_line' id='line_1_30' title="bbox 160 3424 1320 3511; baseline -0.003 -25"><span class='ocrx_word' id='word_1_281' title='bbox 160 3429 342 3506; x_wconf 83' lang='lat' dir='ltr'><strong>gubernant.</strong></span> <span class='ocrx_word' id='word_1_282' title='bbox 373 3424 434 3501; x_wconf 85' lang='lat' dir='ltr'><strong>IV,</strong></span> <span class='ocrx_word' id='word_1_283' title='bbox 455 3427 553 3489; x_wconf 89' lang='grc'><strong>10831</strong></span> <span class='ocrx_word' id='word_1_284' title='bbox 579 3427 659 3509; x_wconf 74' lang='lat' dir='ltr'><strong>quod</strong></span> <span class='ocrx_word' id='word_1_285' title='bbox 680 3449 804 3511; x_wconf 68' lang='lat' dir='ltr'><strong>oramque</strong></span> <span class='ocrx_word' id='word_1_286' title='bbox 828 3437 883 3491; x_wconf 88' lang='lat' dir='ltr'><strong>est.</strong></span> <span class='ocrx_word' id='word_1_287' title='bbox 914 3451 947 3490; x_wconf 93' lang='grc'><strong>1.</strong></span> <span class='ocrx_word' id='word_1_288' title='bbox 970 3431 1068 3491; x_wconf 88' lang='grc'><strong>13301</strong></span> <span class='ocrx_word' id='word_1_289' title='bbox 1095 3427 1174 3510; x_wconf 78' lang='lat' dir='ltr'><strong>qood</strong></span> <span class='ocrx_word' id='word_1_290' title='bbox 1197 3439 1320 3506; x_wconf 80' lang='lat' dir='ltr'><strong>comque</strong></span> 
     </span>
     <span class='ocr_line' id='line_1_31' title="bbox 159 3525 1319 3613; baseline 0 -23"><span class='ocrx_word' id='word_1_291' title='bbox 159 3538 287 3590; x_wconf 83' lang='lat' dir='ltr'><strong>creatur.</strong></span> <span class='ocrx_word' id='word_1_292' title='bbox 318 3525 423 3604; x_wconf 73' lang='grc'><strong>0,,37</strong></span> <span class='ocrx_word' id='word_1_293' title='bbox 428 3532 464 3590; x_wconf 89' lang='grc'><strong>51</strong></span> <span class='ocrx_word' id='word_1_294' title='bbox 491 3530 571 3612; x_wconf 79' lang='lat' dir='ltr'><strong>qood</strong></span> <span class='ocrx_word' id='word_1_295' title='bbox 594 3551 717 3613; x_wconf 79' lang='lat' dir='ltr'><strong>cumque</strong></span> <span class='ocrx_word' id='word_1_296' title='bbox 740 3537 809 3594; x_wconf 86' lang='lat' dir='ltr'><strong>fluit</strong></span> <span class='ocrx_word' id='word_1_297' title='bbox 833 3536 870 3594; x_wconf 87' lang='lat' dir='ltr'><strong>dc</strong></span> <span class='ocrx_word' id='word_1_298' title='bbox 894 3537 992 3595; x_wconf 87' lang='lat' dir='ltr'><strong>rebus.</strong></span> <span class='ocrx_word' id='word_1_299' title='bbox 1024 3552 1056 3592; x_wconf 90' lang='grc'><strong>1.</strong></span> <span class='ocrx_word' id='word_1_300' title='bbox 1075 3533 1152 3592; x_wconf 85' lang='grc'><strong>3891</strong></span> <span class='ocrx_word' id='word_1_301' title='bbox 1179 3539 1319 3611; x_wconf 85' lang='lat' dir='ltr'><strong>terraque</strong></span> 
     </span>
     <span class='ocr_line' id='line_1_32' title="bbox 159 3629 1318 3715; baseline 0.002 -23"><span class='ocrx_word' id='word_1_302' title='bbox 159 3635 351 3692; x_wconf 86' lang='lat' dir='ltr'><strong>inumbratur</strong></span> <span class='ocrx_word' id='word_1_303' title='bbox 375 3651 433 3713; x_wconf 79' lang='lat' dir='ltr'><strong>quo</strong></span> <span class='ocrx_word' id='word_1_304' title='bbox 458 3637 555 3695; x_wconf 89' lang='lat' dir='ltr'><strong>nimbi</strong></span> <span class='ocrx_word' id='word_1_305' title='bbox 579 3653 702 3715; x_wconf 78' lang='lat' dir='ltr'><strong>comque</strong></span> <span class='ocrx_word' id='word_1_306' title='bbox 725 3629 873 3697; x_wconf 84' lang='lat' dir='ltr'><strong>seruntur.</strong></span> <span class='ocrx_word' id='word_1_307' title='bbox 912 3655 943 3695; x_wconf 86' lang='lat' dir='ltr'><strong>v.</strong></span> <span class='ocrx_word' id='word_1_308' title='bbox 971 3635 1048 3696; x_wconf 84' lang='grc'><strong>0031</strong></span> <span class='ocrx_word' id='word_1_309' title='bbox 1076 3638 1157 3714; x_wconf 91' lang='lat' dir='ltr'><strong>quod</strong></span> <span class='ocrx_word' id='word_1_310' title='bbox 1182 3656 1318 3714; x_wconf 86' lang='lat' dir='ltr'><strong>cumque·</strong></span> 
     </span>
     <span class='ocr_line' id='line_1_33' title="bbox 161 3735 1321 3819; baseline 0.002 -25"><span class='ocrx_word' id='word_1_311' title='bbox 161 3755 192 3794; x_wconf 91' lang='grc'><strong>1.</strong></span> <span class='ocrx_word' id='word_1_312' title='bbox 210 3735 294 3796; x_wconf 90' lang='grc'><strong>1353</strong></span> <span class='ocrx_word' id='word_1_313' title='bbox 310 3754 369 3814; x_wconf 79' lang='lat' dir='ltr'><strong>quc</strong></span> <span class='ocrx_word' id='word_1_314' title='bbox 386 3753 509 3817; x_wconf 80' lang='lat' dir='ltr'><strong>comque</strong></span> <span class='ocrx_word' id='word_1_315' title='bbox 525 3759 540 3798; x_wconf 92' lang='lat' dir='ltr'><strong>e</strong></span> <span class='ocrx_word' id='word_1_316' title='bbox 556 3759 653 3797; x_wconf 85' lang='lat' dir='ltr'><strong>causa.</strong></span> <span class='ocrx_word' id='word_1_317' title='bbox 685 3735 746 3813; x_wconf 92' lang='lat' dir='ltr'><strong>VI,</strong></span> <span class='ocrx_word' id='word_1_318' title='bbox 764 3740 821 3799; x_wconf 89' lang='grc'><strong>841</strong></span> <span class='ocrx_word' id='word_1_319' title='bbox 844 3746 916 3800; x_wconf 88' lang='lat' dir='ltr'><strong>sunt</strong></span> <span class='ocrx_word' id='word_1_320' title='bbox 932 3745 1130 3819; x_wconf 87' lang='lat' dir='ltr'><strong>tempestates</strong></span> <span class='ocrx_word' id='word_1_321' title='bbox 1147 3745 1178 3798; x_wconf 89' lang='grc'><strong>31</strong></span> <span class='ocrx_word' id='word_1_322' title='bbox 1192 3740 1321 3797; x_wconf 87' lang='lat' dir='ltr'><strong>fulmina</strong></span> 
     </span>
     <span class='ocr_line' id='line_1_34' title="bbox 161 3836 1319 3922; baseline 0 -24"><span class='ocrx_word' id='word_1_323' title='bbox 161 3841 241 3898; x_wconf 84' lang='grc'><strong>31313</strong></span> <span class='ocrx_word' id='word_1_324' title='bbox 265 3839 414 3913; x_wconf 85' lang='grc'><strong>33333113,</strong></span> <span class='ocrx_word' id='word_1_325' title='bbox 446 3837 535 3920; x_wconf 84' lang='lat' dir='ltr'><strong>[quid</strong></span> <span class='ocrx_word' id='word_1_326' title='bbox 559 3843 671 3901; x_wconf 81' lang='lat' dir='ltr'><strong>facient</strong></span> <span class='ocrx_word' id='word_1_327' title='bbox 696 3847 727 3901; x_wconf 87' lang='lat' dir='ltr'><strong>et</strong></span> <span class='ocrx_word' id='word_1_328' title='bbox 751 3861 810 3922; x_wconf 79' lang='lat' dir='ltr'><strong>qao</strong></span> <span class='ocrx_word' id='word_1_329' title='bbox 835 3845 872 3903; x_wconf 88' lang='lat' dir='ltr'><strong>de</strong></span> <span class='ocrx_word' id='word_1_330' title='bbox 897 3864 985 3903; x_wconf 80' lang='lat' dir='ltr'><strong>causa</strong></span> <span class='ocrx_word' id='word_1_331' title='bbox 1008 3859 1132 3922; x_wconf 81' lang='lat' dir='ltr'><strong>comque</strong></span> <span class='ocrx_word' id='word_1_332' title='bbox 1155 3836 1319 3920; x_wconf 63' lang='lat' dir='ltr'><strong>ferantur}</strong></span> 
     </span>
     <span class='ocr_line' id='line_1_35' title="bbox 160 3941 1320 4023; baseline 0.001 -22"><span class='ocrx_word' id='word_1_333' title='bbox 160 3959 192 4001; x_wconf 91' lang='grc'><strong>1.</strong></span> <span class='ocrx_word' id='word_1_334' title='bbox 211 3941 273 4002; x_wconf 85' lang='grc'><strong>500</strong></span> <span class='ocrx_word' id='word_1_335' title='bbox 295 3961 414 4020; x_wconf 84' lang='lat' dir='ltr'><strong>aquam,</strong></span> <span class='ocrx_word' id='word_1_336' title='bbox 434 3961 511 4022; x_wconf 79' lang='lat' dir='ltr'><strong>quoe</strong></span> <span class='ocrx_word' id='word_1_337' title='bbox 532 3961 654 4023; x_wconf 81' lang='lat' dir='ltr'><strong>comque</strong></span> <span class='ocrx_word' id='word_1_338' title='bbox 675 3947 708 4004; x_wconf 93' lang='lat' dir='ltr'><strong>in</strong></span> <span class='ocrx_word' id='word_1_339' title='bbox 730 3946 861 4005; x_wconf 91' lang='lat' dir='ltr'><strong>nubibus</strong></span> <span class='ocrx_word' id='word_1_340' title='bbox 876 3952 969 4007; x_wconf 84' lang='lat' dir='ltr'><strong>extat.</strong></span> <span class='ocrx_word' id='word_1_341' title='bbox 1000 3965 1032 4006; x_wconf 90' lang='grc'><strong>1.</strong></span> <span class='ocrx_word' id='word_1_342' title='bbox 1051 3943 1112 4005; x_wconf 88' lang='grc'><strong>738</strong></span> <span class='ocrx_word' id='word_1_343' title='bbox 1127 3948 1248 4005; x_wconf 83' lang='grc' dir='ltr'><strong>Α13133</strong></span> <span class='ocrx_word' id='word_1_344' title='bbox 1262 3945 1320 4003; x_wconf 88' lang='lat' dir='ltr'><strong>tibi</strong></span> 
     </span>
     <span class='ocr_line' id='line_1_36' title="bbox 161 4045 1322 4129; baseline 0.002 -26"><span class='ocrx_word' id='word_1_345' title='bbox 161 4061 239 4125; x_wconf 80' lang='lat' dir='ltr'><strong>quae</strong></span> <span class='ocrx_word' id='word_1_346' title='bbox 253 4046 316 4104; x_wconf 89' lang='lat' dir='ltr'><strong>sint</strong></span> <span class='ocrx_word' id='word_1_347' title='bbox 331 4045 397 4104; x_wconf 85' lang='lat' dir='ltr'><strong>loca</strong></span> <span class='ocrx_word' id='word_1_348' title='bbox 413 4063 535 4126; x_wconf 81' lang='lat' dir='ltr'><strong>cumque</strong></span> <span class='ocrx_word' id='word_1_349' title='bbox 555 4081 587 4090; x_wconf 88' lang='lat'><strong>-</strong></span> <span class='ocrx_word' id='word_1_350' title='bbox 607 4049 773 4126; x_wconf 83' lang='lat' dir='ltr'><strong>expediam.</strong></span> <span class='ocrx_word' id='word_1_351' title='bbox 804 4067 835 4106; x_wconf 91' lang='grc'><strong>1.</strong></span> <span class='ocrx_word' id='word_1_352' title='bbox 854 4047 915 4108; x_wconf 88' lang='grc'><strong>359</strong></span> <span class='ocrx_word' id='word_1_353' title='bbox 937 4066 1014 4129; x_wconf 81' lang='lat' dir='ltr'><strong>quae</strong></span> <span class='ocrx_word' id='word_1_354' title='bbox 1030 4051 1182 4108; x_wconf 86' lang='lat' dir='ltr'><strong>iaciuntur</strong></span> <span class='ocrx_word' id='word_1_355' title='bbox 1197 4067 1322 4127; x_wconf 86' lang='lat' dir='ltr'><strong>corpora</strong></span> 
     </span>
     <span class='ocr_line' id='line_1_37' title="bbox 162 4146 1114 4232; baseline 0.005 -27"><span class='ocrx_word' id='word_1_356' title='bbox 162 4165 285 4227; x_wconf 78' lang='lat' dir='ltr'><strong>comque</strong></span> <span class='ocrx_word' id='word_1_357' title='bbox 300 4149 451 4207; x_wconf 85' lang='lat' dir='ltr'><strong>abrebus.</strong></span> <span class='ocrx_word' id='word_1_358' title='bbox 482 4167 514 4208; x_wconf 89' lang='grc'><strong>1.</strong></span> <span class='ocrx_word' id='word_1_359' title='bbox 533 4147 615 4208; x_wconf 91' lang='grc'><strong>1033</strong></span> <span class='ocrx_word' id='word_1_360' title='bbox 629 4146 684 4229; x_wconf 69' lang='lat' dir='ltr'><strong>pai</strong></span> <span class='ocrx_word' id='word_1_361' title='bbox 699 4156 769 4228; x_wconf 88' lang='lat' dir='ltr'><strong>post</strong></span> <span class='ocrx_word' id='word_1_362' title='bbox 785 4156 832 4211; x_wconf 85' lang='lat' dir='ltr'><strong>est</strong></span> <span class='ocrx_word' id='word_1_363' title='bbox 847 4168 971 4232; x_wconf 71' lang='lat' dir='ltr'><strong>consque</strong></span> <span class='ocrx_word' id='word_1_364' title='bbox 986 4153 1114 4211; x_wconf 85' lang='lat' dir='ltr'><strong>locatus.</strong></span> 
     </span>
    </p>

    <p class='ocr_par' dir='ltr' id='par_1_7' title="bbox 248 4245 1319 4330">
     <span class='ocr_line' id='line_1_38' title="bbox 248 4245 1319 4330; baseline 0.001 -21"><span class='ocrx_word' id='word_1_365' title='bbox 248 4249 299 4309; x_wconf 92' lang='grc'><strong>16.</strong></span> <span class='ocrx_word' id='word_1_366' title='bbox 327 4245 524 4309; x_wconf 87' lang='lat' dir='ltr'><strong>Coniunctio</strong></span> <span class='ocrx_word' id='word_1_367' title='bbox 541 4247 763 4330; x_wconf 83' lang='lat' dir='ltr'><strong>comparativa</strong></span> <span class='ocrx_word' id='word_1_368' title='bbox 779 4249 1096 4328; x_wconf 82' lang='grc'><strong>333131331131111,</strong></span> <span class='ocrx_word' id='word_1_369' title='bbox 1114 4253 1188 4314; x_wconf 88' lang='grc'><strong>456.</strong></span> <span class='ocrx_word' id='word_1_370' title='bbox 1206 4248 1267 4327; x_wconf 88' lang='lat' dir='ltr'><strong>IV,</strong></span> <span class='ocrx_word' id='word_1_371' title='bbox 1280 4251 1319 4311; x_wconf 85' lang='lat'><strong>56</strong></span> 
     </span>
    </p>
   </div>
   <div class='ocr_carea' id='block_1_5' title="bbox 37 4349 1319 4507">
    <p class='ocr_par' dir='ltr' id='par_1_8' title="bbox 37 4349 1319 4507">
     <span class='ocr_line' id='line_1_39' title="bbox 37 4349 1319 4446; baseline 0 -33"><span class='ocrx_word' id='word_1_372' title='bbox 37 4437 38 4446; x_wconf 9' lang='grc' dir='ltr'>ἵ</span> <span class='ocrx_word' id='word_1_373' title='bbox 163 4355 271 4413; x_wconf 85' lang='lat' dir='ltr'><strong>robora</strong></span> <span class='ocrx_word' id='word_1_374' title='bbox 285 4371 339 4411; x_wconf 83' lang='lat' dir='ltr'><strong>ocu</strong></span> <span class='ocrx_word' id='word_1_375' title='bbox 354 4355 470 4413; x_wconf 85' lang='lat' dir='ltr'><strong>fumum</strong></span> <span class='ocrx_word' id='word_1_376' title='bbox 486 4356 625 4414; x_wconf 86' lang='lat' dir='ltr'><strong>mittunt.</strong></span> <span class='ocrx_word' id='word_1_377' title='bbox 650 4349 693 4428; x_wconf 89' lang='lat' dir='ltr'><strong>V,</strong></span> <span class='ocrx_word' id='word_1_378' title='bbox 712 4355 807 4417; x_wconf 89' lang='grc'><strong>1131.</strong></span> <span class='ocrx_word' id='word_1_379' title='bbox 838 4352 1059 4435; x_wconf 83' lang='lat' dir='ltr'><strong>Coniungitur</strong></span> <span class='ocrx_word' id='word_1_380' title='bbox 1076 4351 1176 4415; x_wconf 86' lang='grc'><strong>311331</strong></span> <span class='ocrx_word' id='word_1_381' title='bbox 1192 4373 1265 4416; x_wconf 90' lang='lat' dir='ltr'><strong>cum</strong></span> <span class='ocrx_word' id='word_1_382' title='bbox 1281 4351 1319 4428; x_wconf 77' lang='lat' dir='ltr'><strong>si,</strong></span> 
     </span>
     <span class='ocr_line' id='line_1_40' title="bbox 214 4451 1101 4507; baseline 0.003 -18"><span class='ocrx_word' id='word_1_383' title='bbox 214 4451 300 4499; x_wconf 80' lang='grc'><strong>1131113,</strong></span> <span class='ocrx_word' id='word_1_384' title='bbox 316 4454 466 4492; x_wconf 71' lang='grc'><strong>3133333313.</strong></span> <span class='ocrx_word' id='word_1_385' title='bbox 1069 4461 1101 4507; x_wconf 81' lang='lat'><strong>13</strong></span> 
     </span>
    </p>
   </div>
   <div class='ocr_carea' id='block_1_6' title="bbox 0 0 1490 4966">
    <p class='ocr_par' dir='ltr' id='par_1_9' title="bbox 0 0 1490 4966">
     <span class='ocr_line' id='line_1_41' title="bbox 0 0 1490 4966; baseline 0 0"><span class='ocrx_word' id='word_1_386' title='bbox 0 0 1490 4966; x_wconf 95' lang='lat' dir='ltr'><strong> </strong></span> 
     </span>
    </p>
   </div>
  </div>
 </body>
</html>
