2944 4968
244 365 286 428 82
648 377 920 424 emersurum.
944 377 996 424 ιιι.

245 550 368 612 tundam
388 585 420 596 -
440 553 643 612 succumbere.
675 545 839 625 111,788:
863 571 960 630 neque
981 553 1061 612 iuter
1081 571 1112 612 se
1132 551 1349 612 contendant
1366 554 1432 611 vin'·

243 658 300 716 bus
309 651 414 714 hilum.
435 673 468 714 v.
481 653 560 716 880:
579 655 634 715 Nil
643 655 739 732 igitur
753 675 833 714 mors
849 661 896 714 est
909 654 949 713 ud
964 673 1018 714 uos
1034 673 1132 733 neque
1147 656 1293 734 pertinet
1313 650 1429 712 hilum.

245 777 277 818 v.
296 755 374 818 867:
392 779 490 837 neque
505 753 602 816 iilum
618 757 745 818 differre.
781 750 842 828 IV,
859 753 938 816 379:
958 757 1023 816 Nec
1039 765 1140 818 temen
1156 757 1207 818 hic
1222 757 1350 818 oculos
1370 759 1429 816 full

245 863 435 923 concedimus
449 855 556 919 biom.
579 877 612 918 v.
624 858 701 919 olo:
719 861 745 918 si
760 893 791 902 —
806 859 957 918 claudicet
972 854 1080 918 libum.
1098 878 1129 918 v.
1144 858 1245 920 1268:
1265 881 1338 922 neo
1357 861 1429 922 mol·

245 968 287 1027 les
312 967 380 1046 opu’
406 969 479 1024 sunt
502 967 603 1023 motus
627 963 769 1023 uxoribus
792 957 900 1020 hilum.
937 955 999 1035 VI,
1025 959 1087 1023 576
1112 963 1261 1024 oscillent
1294 997 1336 1006 -
1372 965 1427 1024 imi

241 1064 405 1146 perlitum.
442 1059 571 1126 Deinde
595 1067 657 1122 tam
682 1067 716 1124 et
740 1082 840 1145 quam.
882 1060 1009 1139 111,1:
1037 1067 1098 1123 tam
1122 1067 1236 1126 clerum
1265 1067 1426 1126 extollere

244 1172 356 1231 lumen.
393 1187 425 1229 v.
451 1167 491 1228 30
517 1169 579 1226 tam
602 1169 770 1228 manifeste.
810 1187 841 1226 v.
866 1165 944 1226 695:
971 1169 1031 1226 taes
1058 1169 1216 1226 contectae
1240 1189 1323 1228 cum
1354 1172 1423 1228 sint.

244 1268 307 1346 IV,
325 1270 425 1334 12452
443 1276 497 1332 eut
512 1292 573 1331 non
590 1271 651 1328 tam
667 1271 784 1350 prolixo
800 1272 940 1350 provolat
955 1271 1028 1330 ictu.
1061 1265 1103 1345 V,
1121 1269 1180 1330 12:
1197 1273 1231 1332 in
1247 1273 1323 1330 tam
1341 1279 1423 1331 tran·

245 1378 341 1456 quillo
366 1383 398 1435 et
418 1377 480 1433 tam
502 1375 582 1433 clerc
603 1375 669 1432 luce
691 1374 812 1433 locavit.
844 1391 876 1432 v·
899 1372 978 1433 902:
1003 1375 1133 1453 denique
1148 1376 1273 1434 flumme
1289 1377 1443 1454 quidem

247 1499 315 1539 cum
331 1498 455 1558 corpore
470 1478 554 1537 fulve
567 1477 690 1536 leonum
707 1479 767 1534 lam
784 1477 880 1536 soleet
895 1481 1018 1536 torrere.
1045 1471 1111 1534 Iam
1126 1473 1224 1536 soleat
1241 1473 1420 1556 oblongus
1442 1461 1443 1474 i

245 1583 280 1639 et
300 1575 379 1639 olim
399 1574 560 1660 impressi,
583 1573 712 1638 vitiose.
752 1574 780 1652 Ι,
802 1577 864 1638 348
881 1597 947 1656 sq.:
977 1600 1036 1638 nou
1057 1581 1118 1638 tom
1145 1613 1176 1624 -
1201 1597 1309 1660 quam,
1337 1575 1419 1640 item

249 1678 308 1755 VI,
333 1681 395 1742 110
417 1699 467 1760 sq.
493 1676 561 1754 III,
581 1679 658 1741 764:
682 1701 737 1741 neo
757 1683 819 1740 cam
839 1684 947 1742 doctus
969 1701 1062 1760 equse
1082 1684 1184 1762 pullus
1205 1699 1302 1762 qoam
1327 1685 1417 1744 fortis

245 1787 316 1864 equi
336 1786 401 1847 vis?
434 1779 494 1858 VI,
517 1781 579 1844 102
602 1802 668 1862 rq.:
696 1805 792 1863 neque
817 1786 879 1844 tam
905 1786 1056 1846 condenso
1083 1805 1206 1865 corpore
1226 1785 1330 1845 nubes
1356 1807 1416 1846 esse

246 1894 365 1969 queunt
380 1905 469 1969 quom
484 1893 556 1948 sunt
572 1887 696 1966 lapides.
727 1905 758 1946 v.
778 1885 855 1948 104:
874 1889 935 1944 tom
950 1894 1058 1947 tenues
1073 1905 1162 1968 qoam
1177 1893 1251 1948 sunt
1265 1889 1413 1948 nebulae,

247 1985 356 2049 Etiam
374 1986 466 2049 nullo
489 1984 663 2050 interiecto
684 1985 845 2049 vocabulo
863 1983 984 2048 dicitur
999 1991 1060 2048 tom
1076 2007 1177 2070 quom,
1199 1987 1290 2068 quod
1309 1988 1413 2071 vulgo

246 2088 448 2152 coniunctim
475 2086 639 2151 scribitur.
672 2086 727 2150 Sic
748 2087 816 2165 ΙΙΙ,
840 2091 913 2153 910.
938 2091 1031 2152 1056.
1058 2087 1120 2166 IV,
1145 2090 1217 2153 263.
1245 2089 1310 2168 VI,
1334 2093 1410 2154 426.

245 2194 319 2256 433.
346 2193 420 2256 975.
447 2195 540 2255 1245.
582 2191 799 2255 Memorabile
828 2197 890 2268 est,
923 2189 1011 2272 quod
1042 2212 1233 2274 praegresso
1264 2213 1326 2276 quo
1359 2193 1409 2255 vel

245 2303 359 2380 qucum
376 2295 471 2374 mepte
486 2293 665 2377 respondet
681 2300 743 2356 tom
758 2293 866 2374 rocyo,
885 2314 1049 2375 nunquam
1065 2301 1177 2357 eutem
1187 2292 1272 2357 dixit
1281 2293 1409 2358 Lucre·

181 2397 184 2404 ’
245 2398 311 2460 tius
337 2419 424 2481 qoam
449 2396 545 2477 osopio
570 2401 631 2458 tam
655 2397 763 2477 inopis,
790 2395 878 2478 quod
902 2394 1015 2458 docuit
1037 2395 1173 2459 Lechm.
1197 2396 1237 2460 ed
1259 2396 1308 2474 ΙΙ,
1332 2401 1406 2462 586.

246 2501 300 2564 Sic
316 2500 345 2577 Ι,
363 2503 424 2564 536
441 2521 508 2581 sq.:
531 2508 563 2562 et
583 2522 640 2584 quo
662 2525 798 2584 quaeque
819 2499 914 2579 meyde
930 2504 1052 2562 cohibet
1067 2524 1113 2562 res
1128 2505 1211 2564 intus
1226 2505 1328 2577 inune,
1344 2507 1405 2562 tam

244 2604 341 2683 moyes
357 2610 403 2667 his
418 2609 507 2666 rebus
522 2609 645 2686 penitus
660 2612 811 2686 temptate
830 2608 966 2666 labescit.
997 2601 1058 2678 IV,
1077 2605 1159 2666 1006
1175 2627 1236 2685 quo
1251 2610 1348 2684 magis
1371 2642 1401 2650 —

243 2718 306 2771 tam
322 2712 427 2788 magis.
452 2729 485 2768 v.
503 2709 543 2769 81
561 2728 626 2789 sq.:
645 2717 759 2790 quanto
774 2743 805 2752 -
821 2729 908 2788 muge
923 2714 1032 2770 —tem
1047 2711 1152 2788 magis.
1177 2704 1238 2782 IV,
1256 2707 1318 2770 250
1329 2729 1402 2788 sqq.

244 2816 358 2892 quanto
374 2810 450 2889 ploce
470 2814 547 2872 aiiris
573 2846 605 2856 -
632 2813 694 2870 lam
714 2847 745 2854 -
765 2808 871 2888 macie.
904 2807 965 2885 VI,
988 2811 1062 2872 101:
1085 2814 1139 2873 ubi
1160 2833 1288 2890 cumque
1307 2809 1403 2888 Μαρία

244 2917 337 2974 denso
358 2920 430 2974 sunt
451 2917 572 2992 agmine
592 2915 697 2988 nubes,
719 2917 780 2972 tam
795 2911 892 2991 mepte
906 2916 978 2974 hinc
993 2935 1104 2993 magno
1119 2916 1258 2975 fremitus
1272 2917 1307 2974 fit
1323 2936 1402 2974 mur-

245 3039 329 3077 mure
345 3037 442 3096 saepe.
464 3051 496 3059 —
521 3011 772 3096 Quamprimum
788 3012 922 3098 ponitur
940 3018 1017 3076 ante
1039 3011 1213 3091 adiectivc,
1235 3011 1399 3090 adverbia,

245 3117 360 3194 verbe,
389 3114 429 3178 cd
457 3113 594 3198 gradum
617 3137 727 3179 eorum
751 3115 1035 3193 constituendum,
1062 3114 1096 3178 in
1116 3115 1399 3180 enunciationibus

245 3218 386 3302 obliquis
403 3224 461 3281 cut
478 3217 783 3281 exclamationibus.
808 3218 857 3296 ΙΙ,
869 3220 949 3282 334:
968 3223 1068 3301 qualia
1083 3225 1145 3282 sint
1161 3229 1192 3282 et
1207 3241 1295 3303 quom
1309 3226 1398 3302 longe

245 3327 391 3387 distentis
405 3327 509 3385 formis
525 3327 654 3404 percipe.
680 3320 747 3397 III,
765 3323 843 3385 972:
862 3344 950 3406 quom
965 3321 1014 3383 nil
1027 3328 1065 3385 ad
1081 3347 1134 3385 nos
1154 3359 1187 3368 -
1207 3327 1306 3385 fuerit.
1337 3323 1396 3399 IV,

246 3423 345 3488 1203:
372 3431 404 3488 in
427 3430 527 3488 triviis
551 3445 639 3508 qoam
663 3449 751 3507 saepe
775 3449 862 3488 osnes
889 3463 919 3470 —
945 3429 1083 3488 tendunt.
1115 3423 1319 3487 sichaeum.
1336 3447 1395 3508 pro

244 3549 320 3588 crem.
342 3525 384 3588 of.
402 3525 464 3604 VI,
482 3530 559 3590 801:
578 3533 673 3604 Quam
689 3533 777 3591 facile
792 3534 824 3591 in
839 3533 939 3592 medio
954 3534 990 3590 fit
1005 3534 1051 3590 uti
1067 3533 1119 3591 des
1134 3552 1221 3610 ssepe
1236 3533 1347 3591 ruinas!
1363 3527 1395 3590 in

246 3629 293 3706 ΙΙ,
312 3630 412 3692 1038:
430 3637 526 3707 Quem
541 3635 599 3694 tibi
614 3635 674 3693 iem
690 3653 777 3694 nemo
792 3668 822 3676 -
839 3636 989 3714 suspicere
1004 3635 1037 3693 in
1052 3636 1127 3694 caeli
1142 3636 1285 3712 dignetur
1300 3636 1394 3695 lucida

245 3737 374 3816 templu!
406 3730 487 3808 inl,
511 3735 589 3796 104:
620 3738 732 3816 quippe
757 3739 869 3796 etenim
897 3758 988 3817 quem
1009 3739 1107 3796 multu
1125 3739 1182 3796 tibi
1206 3739 1264 3797 ium
1287 3740 1392 3816 fingere

246 3845 375 3918 possunt
389 3840 517 3898 somnio!
534 3833 568 3896 in
583 3834 643 3912 VI,
658 3837 751 3898 108οε
770 3841 877 3900 Cetera
886 3842 946 3899 ium
955 3861 1047 3918 quum
1062 3841 1160 3898 multe
1174 3841 1247 3900 licet
1261 3843 1390 3920 reperire!

227 3937 374 4010 ‚Deinde
397 3934 575 4019 respondet
594 3958 785 4020 praegresso
808 3945 882 4012 tom,
904 3939 963 4011 ito,
985 3939 1061 4000 odeo
1087 3943 1144 3999 eut
1165 3939 1387 4022 comparativo.

246 4039 312 4117 III,
332 4045 365 4102 5:
384 4065 445 4103 non
460 4039 506 4101 ta
523 4044 659 4103 certandi
675 4046 801 4124 cupidus
817 4063 905 4124 quom
921 4050 1044 4124 propter
1060 4063 1200 4104 umorem.
1220 4040 1280 4118 IV,
1298 4045 1386 4106 llil:

245 4167 316 4206 uum
331 4149 436 4220 vitare,
457 4147 560 4225 plagas
576 4149 607 4206 in
623 4148 732 4206 amoris
747 4167 785 4207 ne
801 4149 954 4220 iuciemur‚
974 4169 1035 4207 non
1051 4143 1097 4204 lta
1114 4148 1236 4206 difficile
1252 4155 1296 4206 est
1308 4166 1388 4227 quom

246 4257 368 4330 coptum
383 4250 498 4309 retibus
514 4252 587 4329 ipsis
604 4252 691 4310 exire.
713 4245 779 4322 ΙΙΙ,
793 4248 854 4308 182
865 4268 914 4328 sq.
925 4263 935 4306 t·
950 4251 995 4309 nil
1010 4247 1085 4308 odeo
1100 4252 1164 4310 fieri
1180 4251 1269 4309 celeri
1284 4254 1387 4312 ratione

246 4355 376 4427 videtur,
400 4371 488 4434 qoam
511 4353 570 4413 sibi
593 4373 678 4412 mens
701 4353 765 4410 fieri
790 4355 941 4432 proponit.
978 4349 1006 4427 I,
1031 4351 1092 4413 198
1113 4355 1214 4434 potius
1243 4387 1274 4396 —
1297 4375 1383 4431 quom.
