2944 4968
223 373 263 436 22
625 385 796 431 suaarsrr.
823 385 895 432 our.
919 385 971 430 111.

222 556 285 634 IV,
311 559 388 621 658:
415 556 469 618 hoc
492 559 545 618 ubi
569 560 651 638 quod
675 579 764 618 00000
789 563 835 618 est
858 559 925 618 aliis
948 559 1015 618 aliia
1038 561 1074 618 55
1093 579 1236 632 amarum,
1261 558 1307 618 illi
1332 558 1385 616 eui

224 684 314 724 suave
339 668 393 736 est,
418 662 570 722 levissima
594 681 718 741 corporo
737 661 850 721 debent
871 663 1132 722 contractabiliter
1150 661 1250 722 000100
1267 661 1385 738 intrare

222 767 326 847 palati.
357 783 387 823 v.
401 762 473 826 553.
491 762 564 823 622.
583 758 835 840 Componuntur
851 781 967 824 causae
982 759 1164 844 particulae
1180 757 1323 842 qnoniam
1350 795 1378 804 --

222 865 288 927 boc.
320 862 382 940 IV,
407 863 504 927 1093:
529 887 604 944 quae
619 861 761 945 quoniam
783 873 879 926 certas
899 871 1027 946 possunt
1046 866 1183 926 obsidere
1202 866 1307 944 partic,
1327 860 1386 922 Ιιοσ

222 971 310 1030 facile
326 970 466 1048 expletur
481 969 605 1028 laticum
621 970 804 1047 frugumque
820 969 940 1048 cupido.

308 1070 334 1154 y)
355 1066 528 1149 Cognatus
545 1071 597 1128 est
613 1065 778 1128 ablativus
789 1065 996 1142 limitationis,
1015 1064 1069 1148 qui
1086 1062 1239 1147 exprimit
1253 1061 1385 1126 ratione

223 1168 361 1234 alicuius
383 1167 430 1232 rei
451 1167 565 1232 habita
588 1167 710 1250 aliquid
734 1166 800 1244 dici
820 1190 928 1251 posse,
952 1167 1001 1232 ita
1019 1173 1057 1231 ut
1072 1173 1214 1250 ponatur
1228 1187 1287 1250 pro
1303 1167 1387 1250 qood

222 1271 336 1334 attinet
352 1272 395 1334 ad
414 1269 1054 1352 01000000007000000000500000005100.
1086 1269 1135 1348 Il,
1155 1271 1232 1334 175:
1251 1267 1384 1331 omniba’

222 1374 309 1438 00600
324 1399 434 1456 magno
451 1395 540 1457 opere
556 1397 573 1436 a
587 1397 657 1438 vera
672 1379 750 1457 lapsi
765 1379 881 1438 ratione
896 1378 1047 1438 ridentur.
1078 1372 1141 1450 VI,
1158 1375 1238 1439 909:
1256 1377 1386 1452 Magne·

222 1486 289 1540 tum
304 1481 376 1558 quia
388 1481 423 1539 fit
437 1481 543 1559 patriis
558 1480 715 1540 infinibus
731 1463 810 1538 orti.
826 1475 882 1539 Sic
892 1475 1031 1540 Laobm.
1042 1496 1100 1558 pro
1111 1480 1205 1537 ortos.
1223 1472 1385 1555 Impressi

223 1576 365 1662 quierit,
383 1598 496 1660 parum
512 1574 643 1639 Latine.
675 1577 737 1656 IV,
757 1579 816 1642 709
833 1585 911 1642 aeria
927 1584 1001 1642 visu.
1032 1599 1064 1640 v.
1083 1577 1143 1640 728
1160 1581 1262 1640 500010
1282 1583 1382 1638 textu.

223 1679 267 1757 V,
285 1680 362 1743 273:
390 1686 442 1762 qui
462 1699 584 1759 corpore
605 1685 667 1742 toto
694 1715 725 1726 -
751 1690 896 1744 mutabor.
928 1680 956 1757 I,
974 1681 1052 1744 432:
1078 1684 1161 1762 quod
1182 1685 1268 1762 quasi
1289 1683 1385 1742 tertia

222 1788 263 1846 sit
286 1801 409 1845 numero
434 1791 543 1846 natura
565 1792 693 1865 reperta.
724 1781 888 1859 V1,414:
915 1792 947 1847 at
971 1791 1089 1866 saepest
1112 1785 1382 1844 0000001005οω.

222 1884 296 1948 Huc
312 1875 458 1966 pertinet
474 1884 572 1949 etiam
590 1883 743 1966 supinum
758 1883 793 1947 in
808 1909 828 1946 0
845 1884 956 1949 exiens
972 1885 1119 1969 pendens
1135 1884 1176 1946 ab
1193 1882 1382 1947 0510051010.

223 1986 286 2064 IV,
308 1989 386 2050 889:
409 1996 441 2051 05
451 1987 588 2072 facilest
597 1987 707 2072 factu.
746 1986 799 2050 Sic
825 1987 858 2050 in
885 1986 1045 2070 quadrato
1067 2007 1159 2051 erasa
1179 1985 1301 2050 lineola
1322 2008 1384 2068 pro

213 2090 355 2175 scotum,
384 2075 495 2174 150500
520 2089 687 2153 Antonius
712 2089 821 2153 Marii.
853 2089 914 2167 VI,
942 2091 1017 2155 778:
1050 2115 1153 2174 aspera
1181 2098 1290 2154 tractu.
1327 2087 1384 2150 sie

223 2191 352 2254 Pollius
375 2193 462 2256 Phil.
480 2191 610 2270 XXVI,
627 2214 660 2275 p.
679 2194 740 2256 536
762 2213 820 2274 pro
842 2214 891 2271 eo,
914 2192 1000 2275 quod
1023 2191 1057 2255 in
1077 2192 1174 2256 codd.
1197 2198 1258 2268 est,
1283 2196 1382 2254 tacto.

223 2316 255 2356 v.
275 2296 374 2358 1150:
398 2320 501 2378 aspera
521 2304 616 2358 50050.
648 2293 701 2358 810
724 2301 889 2358 corrector
910 2294 1047 2378 oblongi
1063 2301 1097 2359 et
1113 2293 1301 2358 Macrobius
1322 2315 1383 2376 pro

223 2402 317 2460 tacto.

309 2502 338 2583 0)
354 2500 410 2564 Ad
426 2500 491 2562 abl.
509 2499 630 2562 habitata
645 2499 814 2582 pertinent
830 2500 895 2564 abl.
913 2500 995 2563 modi
1011 2506 1045 2562 05
1060 2498 1235 2583 qualitatis.

309 2606 340 2685 α)
356 2609 426 2668 Abi.
443 2601 533 2664 mccii.
566 2600 615 2678 II,
634 2605 715 2668 1059
732 2613 839 2686 sponte
855 2629 917 2682 sua,
938 2603 1019 2665 item
1034 2602 1076 2678 V,
1095 2604 1157 2666 212
1174 2609 1208 2665 05
1224 2604 1296 2665 961.
1330 2601 1381 2678 II,

225 2710 322 2770 1092:
346 2732 401 2770 sua
428 2741 459 2752 -
488 2713 605 2789 sponte.
637 2713 667 2750 '-
702 2687 1175 2788 11230000050000100010000
1198 2704 1293 2767 modia
1317 2710 1382 2787 pal-

222 2815 318 2874 lentia
339 2807 435 2871 miris.
467 2810 592 2870 01550
620 2817 651 2871 05
672 2829 729 2891 quo
750 2832 887 2890 quaeque
907 2809 992 2870 moto
1013 2815 1097 2872 fiant.
1128 2830 1160 2869 0.
1183 2809 1260 2871 341:
1282 2813 1384 2870 multa

221 2909 318 2972 modis
338 2909 445 2972 multia
459 2909 548 2972 00050
564 2909 685 2972 ratione
700 2916 814 2974 moveri
830 2917 987 2974 cernimus.
1018 2910 1067 2988 II,
1085 2913 1162 2974 951ι
1187 2913 1277 2974 modo
1293 2915 1382 2972 vitali

223 3011 283 3096 (sie
298 3017 387 3074 recte
405 3011 545 3075 Goebel.
563 3033 617 3093 qu.
634 3010 734 3076 Luor.
750 3033 782 3094 p.
803 3014 865 3094 15).
899 3012 965 3089 III,
985 3013 1044 3077 769
1067 3033 1161 3094 quove
1180 3013 1279 3085 modo,
1298 3010 1378 3075 item

223 3114 265 3193 V,
289 3115 337 3178 71.
361 3113 424 3192 IV,
449 3117 508 3178 165
532 3121 630 3179 modis
654 3120 769 3178 multis.
801 3137 832 3177 v.
856 3117 934 3179 907:
961 3122 1052 3178 Nunc
1076 3114 1183 3198 quibua
1208 3119 1261 3178 ille
1284 3113 1382 3177 modia

223 3244 344 3284 somnus
360 3242 414 3300 per
427 3224 562 3282 membra
578 3223 711 3299 quietem
727 3223 840 3300 inriget
856 3223 937 3280 0055.
961 3240 992 3280 0.
1012 3219 1105 3280 1181.
1125 3220 1207 3281 1229
1224 3223 1321 3281 modis
1342 3255 1375 3264 —

223 3326 337 3384 multis.
368 3341 399 3382 0.
423 3323 523 3384 12630
546 3319 703 3404 atquibus
725 3327 790 3403 ipsa
809 3320 906 3382 modia
926 3329 1075 3384 tractetur
1097 3324 1211 3384 blanda
1229 3325 1379 3403 voluptas.

223 3422 264 3500 V,
291 3423 330 3485 67
356 3427 391 3484 05
417 3424 472 3487 730
506 3427 615 3505 quibus
644 3459 675 3468 —
704 3429 810 3486 modis.
850 3445 881 3485 0.
910 3423 988 3487 1870
1023 3427 1121 3485 multa
1149 3422 1245 3484 modic
1274 3421 1381 3484 moitis

223 3529 387 3608 primordia
402 3550 510 3588 rerum.
541 3523 666 3587 Eadem
681 3525 782 3588 verba
797 3524 955 3607 leguntur
969 3548 1000 3587 v.
1019 3529 1092 3589 522.
1126 3524 1186 3601 Vl,
1205 3526 1266 3586 680
1282 3529 1380 3587 modis

223 3632 343 3710 quibus.
375 3627 404 3704 I,
424 3627 477 3690 77:
501 3632 588 3690 finita
609 3635 743 3711 potestas
758 3633 889 3711 denique
906 3634 1014 3710 cuique
1030 3650 1088 3712 qua
1105 3653 1175 3692 nam
1190 3633 1231 3690 015
1245 3626 1378 3688 ratione.

224 3752 255 3792 0.
282 3731 344 3794 198
369 3735 470 3812 aliqua
492 3735 619 3794 ratione.
656 3752 688 3793 0.
713 3732 789 3793 1290
816 3754 875 3815 000
898 3738 974 3794 5005
993 3730 1124 3794 ratione.
1156 3753 1188 3792 0.
1213 3732 1275 3794 155
1297 3734 1382 3794 nulla

224 3838 351 3898 ratione.
371 3854 402 3894 0.
416 3834 477 3896 280
494 3856 549 3894 000
563 3831 684 3895 ratione
698 3839 798 3898 fluunt
813 3835 890 3898 alio.
908 3856 940 3896 v.
953 3837 1014 3898 310
1031 3839 1116 3896 nulla
1130 3839 1257 3896 ratione.
1273 3855 1306 3894 0.
1318 3833 1379 3896 335

224 3941 259 3997 05
274 3937 338 4000 355
357 3940 442 3998 00110
461 3939 587 3999 ratione.
617 3957 648 3997 0.
667 3937 727 4000 357
749 3941 812 4000 0110
837 3975 867 3984 -
893 3943 1019 4000 ratione.
1049 3957 1080 3996 0.
1099 3937 1160 3998 395
1182 3940 1238 3999 5011
1253 3941 1379 3999 rationo.

223 4059 256 4099 v.
274 4038 353 4100 513:
379 4061 495 4102 naeres
511 4042 574 4100 ulla
590 4047 691 4120 potest
705 4059 778 4102 0000
793 4039 913 4102 ratione
928 4043 1048 4122 probari
1069 4063 1191 4121 corpore
1215 4043 1305 4102 inane
1326 4061 1380 4100 suo

225 4144 321 4204 celare
337 4143 417 4206 0055.
434 4161 465 4201 0.
479 4141 555 4203 530:
573 4145 736 4205 ratione-
751 4147 818 4206 alia.
836 4163 868 4202 0.
881 4143 958 4204 5590
976 4166 1031 4204 000
1046 4139 1166 4202 rotiooe
1183 4147 1298 4222 queunt
1314 4138 1381 4202 abio

230 4265 321 4306 -res
337 4267 481 4326 reparare.
508 4265 539 4304 v.
552 4245 613 4310 593
629 4249 730 4328 aliqua
748 4281 778 4290 -
797 4249 923 4308 ratione.
949 4245 1065 4307 0.·596.
1085 4265 1116 4306 0.
1134 4244 1210 4305 665:
1228 4247 1330 4325 aliqua
1344 4279 1375 4288 —

172 4409 173 4412 ,
223 4350 341 4410 ratione
367 4343 429 4430 (sic
455 4343 580 4408 Pollius
606 4346 727 4410 Philol.
756 4346 864 4424 XXV,
891 4346 980 4431 271).
1013 4368 1043 4408 0.
1063 4348 1140 4409 9180
1173 4351 1228 4408 hae
1252 4350 1379 4410 rationo.
