2978 4964
195 365 236 425 92
609 381 763 424 sceneos.
797 381 869 424 one.
887 380 933 423 w.

283 549 314 632 d)
339 547 559 631 Coniungiiur
574 571 649 613 cum
665 548 848 613 cdieoiivis.
879 548 947 627 III,
965 552 1028 613 604
1043 555 1074 612 in
1091 558 1205 633 sperio.
1222 573 1254 613 v.
1273 552 1360 612 836:

196 655 231 716 ic
252 652 402 734 dubioque
426 658 518 716 fuere.
543 674 575 715 v.
594 655 692 717 1085:
720 653 754 715 e'c
775 652 903 716 wbiosi.
934 652 997 730 IV,
1017 653 1115 717 1137:
1144 663 1198 717 ant
1217 658 1301 736 quod
1320 653 1365 714 ico

197 754 334 834 ambiyco
357 759 482 819 verbum
506 761 637 819 iaculato
660 761 793 839 reliquii.
822 778 854 818 v.
878 757 954 819 133:
985 765 1021 819 ni
1042 761 1137 820 nubes
1162 760 1250 818 sccile
1274 761 1365 819 inier

197 865 270 922 dum
290 882 478 922 concrescere
498 858 532 920 ie
552 859 616 921 alic
638 865 795 924 cernimus.
816 880 848 921 v.
868 859 944 922 268:
968 864 1112 923 duritiem
1132 896 1163 906 —-
1184 864 1247 922 sari
1262 864 1364 922 senii-

196 988 262 1027 mus
283 961 411 1024 incito.
444 960 487 1039 V,
505 963 582 1024 584:
605 968 691 1026 nobis
712 968 852 1027 videatur
871 961 905 1023 io
926 962 1001 1025 elio.
1033 985 1065 1024 v.
1083 965 1161 1026 451:
1184 967 1311 1025 coibant
1327 966 1364 1025 in

196 1069 306 1130 medio.
323 1086 355 1128 v.
372 1066 450 1127 486:
468 1069 501 1127 in
515 1070 615 1128 medio
636 1103 667 1112 -
689 1071 792 1130 coiret.
824 1063 885 1142 VI,
904 1067 981 1129 801:
999 1090 1090 1148 quem
1105 1069 1193 1128 fecile
1208 1064 1242 1126 in
1257 1063 1364 1126 medio

196 1175 231 1233 fii
246 1174 294 1232 uii
308 1172 361 1230 des
376 1191 464 1250 saepe
479 1173 589 1232 ruinas.
612 1191 643 1231 v.
663 1170 745 1232 1006
760 1174 792 1233 in
808 1174 916 1234 medio.
948 1167 1009 1246 VI,
1028 1169 1105 1232 158:
1124 1174 1310 1250 franguntur
1326 1165 1364 1228 ire

197 1276 264 1334 orto
289 1275 421 1335 concreti
445 1279 563 1334 menies
588 1276 769 1337 nimborum.
816 1270 869 1335 Sic
885 1271 1024 1335 Lachm.
1049 1292 1107 1355 pro
1128 1270 1162 1333 ie
1178 1275 1298 1341 orium
1326 1268 1362 1332 in

198 1380 270 1437 ario
286 1372 484 1456 franguntur
500 1373 603 1438 nubes
620 1375 699 1457 gelu
715 1382 888 1440 concretae
893 1424 903 1454 ,
929 1397 1003 1438 oum
1019 1395 1074 1438 ecs
1089 1379 1211 1437 venius
1228 1371 1363 1435 conier-

126 1487 128 1492 '
198 1476 256 1540 cii.
274 1500 305 1540 v.
325 1477 402 1540 277:
428 1485 534 1540 vortex
554 1487 689 1542 versemur
710 1478 744 1542 c'c
763 1485 846 1554 ceter
868 1502 899 1542 v.
919 1481 1017 1542 1164:
1039 1485 1170 1562 corporis
1186 1475 1219 1539 in
1234 1497 1362 1540 commo.

197 1579 272 1644 Huc
294 1577 400 1642 refero
421 1579 521 1644 eiiam
542 1580 576 1642 io
593 1587 754 1662 promptu,
779 1604 976 1665 quamquam
992 1579 1198 1644 substantivi
1218 1579 1364 1642 formam

198 1683 311 1761 habet,
344 1681 432 1766 quod
462 1681 628 1747 invenitur
658 1684 687 1763 Ι,
705 1686 779 1749 879.
810 1684 859 1763 II,
879 1688 954 1749 149:
986 1690 1126 1749 omnibus
1155 1683 1190 1746 ic
1213 1687 1364 1765 proemio

199 1791 454 1869 manifestumque
469 1811 532 1852 esse
541 1793 687 1852 videmus.
704 1810 736 1851 v.
749 1791 826 1852 246:
844 1813 974 1871 nemque
990 1793 1047 1852 hoc
1062 1787 1096 1850 in
1105 1791 1249 1869 prompto
1264 1790 1365 1850 mani·

199 1898 371 1973 festumque
387 1915 450 1954 esse
466 1895 611 1955 videmus.
629 1912 660 1954 v,
674 1893 751 1955 583:
768 1891 955 1973 inpromptu
972 1917 1099 1974 quorum
1110 1899 1218 1954 natura
1228 1893 1364 1952 videtur.

200 2017 232 2058 v.
245 1997 322 2058 868:
341 1993 374 2056 ic
383 1997 529 2074 prompte
545 1999 668 2076 cognite
682 2019 759 2077 quse
775 2003 855 2058 suni.
872 1993 1030 2073 111,1oo:
1048 1993 1083 2056 ie
1091 1998 1236 2074 prompte
1251 2017 1365 2075 corpus

201 2102 283 2181 quod
293 2102 435 2160 cernitur.
452 2118 483 2159 v.
494 2098 571 2160 185:
590 2106 661 2161 ente
671 2105 773 2164 oculos
783 2123 911 2181 quorum
920 2098 1101 2179 inpromptu
1112 2107 1221 2161 natura
1229 2101 1364 2159 videtur.

198 2199 261 2278 IV,
281 2200 333 2262 97.
366 2199 427 2276 VI,
446 2202 523 2263 941:
546 2206 590 2264 nil
612 2201 729 2265 esseio
743 2207 889 2283 promptu
909 2206 967 2265 nisi
986 2205 1115 2264 mixinm
1137 2224 1244 2283 eorpus
1265 2204 1364 2263 inani.

201 2302 254 2368 Sic
270 2307 436 2366 corrector
452 2302 589 2386 oblongi
604 2325 662 2389 pro
679 2311 711 2368 in
727 2313 902 2388 promptum
917 2309 942 2368 si
959 2329 1066 2387 corpus
1081 2309 1211 2366 mixtum
1227 2307 1318 2366 inani.

288 2408 316 2488 e)
339 2404 526 2490 Usurpaiur
541 2406 575 2470 in
591 2406 941 2489 designandceeiione
958 2406 1067 2490 eliqua
1083 2411 1141 2469 aui
1157 2404 1363 2483 conditione,

199 2508 233 2572 in
250 2530 313 2591 que
329 2507 407 2590 quid
424 2515 486 2572 esi.
509 2508 538 2587 Ι,
550 2512 608 2574 43:
627 2517 740 2575 talibus
755 2517 787 2575 in
802 2515 900 2574 rebus.
923 2511 991 2588 ΙΙΙ,
1010 2512 1065 2574 53:
1083 2515 1116 2574 in
1131 2515 1220 2573 rebus
1236 2514 1364 2573 acerbis.

199 2635 231 2675 v.
250 2614 326 2675 314:
345 2612 438 2695 inque
453 2611 527 2675 aliie
541 2613 628 2676 rebus
642 2614 747 2678 multis
764 2620 883 2679 differre
898 2622 1048 2679 necessest
1065 2617 1187 2677 neiures
1202 2617 1365 2677 hominum

199 2721 304 2780 varies.
336 2714 398 2792 VI,
421 2717 482 2779 393
504 2739 572 2799 sq.:
599 2717 688 2779 nulla
712 2723 770 2782 sibi
795 2717 879 2798 turpi
904 2723 1039 2782 conscius
1063 2715 1095 2778 in
1121 2737 1164 2778 re.
1200 2715 1229 2794 Ι,
1247 2718 1306 2781 111
1326 2722 1365 2780 in

200 2828 308 2882 morie.
339 2817 406 2896 ΙΙΙ,
424 2821 501 2882 866:
528 2824 614 2883 nobis
639 2826 683 2885 nil
707 2845 769 2884 esse
793 2821 827 2882 ic
850 2827 944 2883 morte
966 2826 1145 2885 timendum.
1175 2842 1208 2882 v.
1226 2821 1286 2884 875
1303 2825 1366 2884 sibi

202 2947 322 2986 sensum
333 2921 365 2983 io
375 2927 469 2984 morie
479 2928 673 3012 futurumrv.
686 2927 813 2987 885nee
824 2929 908 2988 videi
922 2925 956 2986 ic
970 2944 1041 2986 vera
1057 2928 1176 2987 nullum
1191 2929 1254 2988 fore
1269 2929 1366 2986 morte

200 3030 293 3089 elium
309 3049 349 3087 se.
380 3046 412 3087 v.
430 3026 492 3088 888
509 3029 543 3088 ei
560 3027 621 3089 916
638 3032 672 3089 ei
689 3029 771 3090 1022
791 3032 824 3090 in
842 3036 949 3092 morie.
979 3049 1011 3090 v.
1027 3028 1107 3090 402:
1130 3032 1231 3090 manci
1246 3027 1280 3090 in
1295 3026 1363 3089 viia

200 3133 249 3192 cui
263 3153 348 3192 mens
369 3164 401 3174 —-
421 3135 574 3194 remensii.
608 3152 640 3193 v.
658 3131 719 3196 407
742 3130 775 3193 in
791 3130 856 3193 viic
871 3138 1032 3196 eunoiciur
1047 3139 1078 3194 et
1094 3136 1207 3194 haeret.
1238 3130 1280 3207 V,
1298 3132 1364 3195 178

200 3257 320 3296 manere
344 3237 376 3296 in
399 3237 471 3297 viis.
508 3231 570 3310 VI,
593 3236 693 3297 1211:
720 3234 881 3297 manebam
904 3235 939 3297 ic
965 3233 1029 3296 cita
1054 3241 1167 3298 tamen.
1197 3233 1227 3313 I,
1246 3236 1306 3300 589
1329 3239 1363 3297 in

201 3340 313 3400 ordine.
331 3359 362 3400 v.
370 3338 431 3400 653
443 3359 448 3396 :
458 3341 609 3402 ielibusin
617 3343 721 3402 oensis.
737 3359 769 3400 v.
780 3339 856 3400 666:
866 3336 991 3423 ssignise'n
1003 3341 1088 3400 coetu
1099 3343 1224 3420 stingui.
1241 3359 1272 3400 v.
1284 3338 1360 3401 775:

200 3437 234 3500 in
250 3444 335 3502 coeto
350 3445 494 3505 variantis
509 3446 616 3505 acervi.
648 3461 679 3503 v.
699 3442 775 3506 7⁷2:
793 3440 886 3504 uilio
902 3441 1030 3505 concilio
1046 3449 1186 3506 naturam
1206 3448 1243 3505 ui
1260 3447 1362 3504 muiee

201 3564 313 3606 eorum.
343 3542 411 3621 ΙΙΙ,
429 3546 507 3608 805:
525 3549 557 3609 in
573 3550 710 3609 concilio.
742 3543 771 3622 Ι,
789 3547 869 3608 845:
893 3550 925 3608 in
940 3553 1068 3628 uircque
1089 3582 1120 3590 —
1141 3551 1267 3610 ratione.
1297 3543 1360 3622 IV,
1477 3569 1478 3584 ¹

201 3646 275 3708 964.
306 3641 335 3722 I,
354 3647 431 3709 851:
449 3653 481 3710 in
500 3673 643 3732 oppressu
659 3653 768 3713 valido.
799 3671 831 3710 v.
850 3651 928 3711 995:
946 3673 1064 3732 semper
1079 3648 1113 3711 in
1131 3647 1261 3711 adsideo
1280 3653 1363 3709 moin
1477 3715 1478 3732 ¹

201 3772 246 3810 res
271 3771 408 3831 quaeque
431 3763 587 3832 geruntur.
619 3751 666 3831 ΙΙ,
692 3753 768 3815 297:
795 3771 852 3836 quo
877 3777 957 3816 nunc
981 3752 1015 3814 ἐπ
1038 3757 1120 3814 mccc
1144 3755 1362 3835 principiorum

201 3875 325 3934 corpore
334 3857 416 3930 seni,
435 3851 467 3914 ie
479 3855 577 3917 ecdem
587 3867 658 3920 ante
668 3865 736 3920 aeta
745 3855 959 3942 aetatescere.
977 3878 1010 3918 v.
1022 3857 1101 3918 309:
1120 3859 1285 3938 primordio
1299 3853 1363 3916 sini

201 3954 235 4016 io
258 3961 349 4017 motu.
389 3977 421 4018 v.
450 3958 506 4020 15:
538 3959 678 4043 qualibus
706 3959 739 4022 io
769 3958 899 4022 tenebris
923 3966 1003 4024 viiee
1027 3959 1211 4044 quantisque
1229 3955 1363 4037 periclis

201 4063 322 4140 degitur
351 4065 408 4122 hoc
437 4065 511 4124 aevi.
551 4060 592 4138 V,
620 4064 696 4127 175:
727 4064 761 4125 in
790 4062 920 4126 tenebris
949 4069 1012 4127 viic
1035 4089 1069 4128 ac
1093 4082 1206 4126 merore
1231 4065 1359 4126 iacebat.
1477 4135 1478 4152 χ

201 4160 249 4240 ΙΙ,
260 4163 338 4225 483:
354 4168 442 4226 unius
453 4169 583 4228 cuiusvis
593 4165 626 4227 io
636 4165 783 4230 brevitate
794 4165 882 4251 (bei).
900 4189 932 4228 v.
942 4169 1002 4250 819
1013 4191 1019 4228 ι
1032 4173 1133 4232 omnic
1142 4170 1361 4250 principiorum
1477 4163 1478 4230 ἒ

202 4271 399 4330 formamenta
414 4276 531 4350 queunt
547 4267 580 4331 e'n
595 4268 699 4352 quovis
715 4295 777 4333 esse
793 4270 902 4332 nidore.
934 4269 1001 4348 III,
1020 4274 1053 4333 8:
1072 4275 1147 4354 qnid
1162 4295 1232 4334 nem
1247 4277 1360 4332 iremu-

201 4375 238 4437 lis
254 4374 349 4436 fecere
365 4377 490 4435 artubus
506 4377 594 4437 haedi
615 4376 770 4437 consimile
786 4373 819 4434 io
836 4395 925 4436 ceree
941 4381 1066 4457 possint.
1097 4373 1139 4452 V,
1158 4377 1236 4438 619:
1259 4397 1360 4438 annue
1477 4365 1478 4448 Ῐ
