2886 4998
375 385 647 432 sususosmsouus
671 386 739 431 cum
761 386 875 430 secus,
1165 370 1204 432 75

17 556 117 620 imber
146 563 288 640 rumpet.
329 555 372 634 V,
397 556 457 621 287
483 554 563 617 imm
587 559 673 638 quasi
695 575 843 636 rumpere.
879 575 911 617 v.
930 556 991 618 299
1016 553 1097 617 inies
1121 561 1206 638 qussi

17 665 146 740 rupim.
185 659 249 737 VI,
267 662 344 723 894:
362 658 443 722 mser
457 663 562 722 vomit.

125 759 341 844 Praepositio
363 765 397 840 e)
411 758 546 842 ponitur
567 759 608 824 de
627 759 701 822 loeo
722 764 758 822 et
778 757 819 821 de
835 757 1023 822 hominibus
1038 759 1093 822 vel
1107 758 1205 824 rebus

17 862 61 926 in
92 862 219 946 aliquo
243 863 317 927 loco
342 861 563 926 versantibus.
595 860 625 939 Ι,
642 863 721 924 354:
747 859 829 924 metes
852 867 958 945 scepta
981 871 1084 927 meent
1107 885 1204 926 voces.

20 989 61 1028 v.
83 968 174 1030 386:
198 965 281 1028 inter
296 981 420 1046 corpora
436 970 518 1049 quod
532 971 594 1030 fist.
626 986 657 1027 v.
676 965 737 1028 639
755 985 821 1045 sq.:
845 970 942 1028 clerus
957 999 998 1012 --
1014 963 1206 1046 megisimier

23 1068 149 1130 incisis
167 1073 301 1151 quamde
312 1066 418 1148 erasis
429 1066 511 1130 ieter
525 1066 646 1129 Graios.
662 1087 695 1128 v.
713 1068 790 1129 890:
808 1070 970 1149 dispertite
983 1066 1065 1130 ister
1081 1071 1204 1128 terram.

26 1193 64 1232 v.
87 1171 200 1234 1107:
226 1175 327 1234 omnic
346 1169 428 1232 intes
440 1168 612 1249 permistas
630 1193 731 1232 rerum
750 1173 885 1251 ceolique
905 1168 1014 1232 resimas
1034 1205 1065 1214 -
1085 1173 1204 1232 absent.

27 1272 169 1350 11,50:
203 1272 285 1336 iuter
313 1293 396 1352 ream
423 1295 583 1354 rerumque
605 1277 743 1350 potentes
766 1279 932 1334 versentur.
972 1293 1004 1334 v.
1022 1272 1099 1334 805:
1125 1270 1207 1334 ieter

31 1375 203 1438 cmralimm
217 1379 322 1438 viridis
337 1380 461 1440 miscere
477 1378 661 1455 zmaragdos.
692 1372 760 1450 III,
772 1374 849 1438 236:
867 1381 1019 1438 necessest
1033 1379 1110 1438 ciris
1125 1372 1207 1436 inter

34 1499 110 1540 emm
126 1482 297 1561 primordie
311 1483 410 1542 mults·
427 1482 551 1541 moveri.
582 1499 614 1539 v.
633 1478 712 1541 335:
737 1481 947 1542 communibus
966 1475 1047 1540 inter
1068 1497 1120 1540 sas
1137 1499 1203 1540 ceu·
1311 1541 1314 1550 ,

35 1587 136 1644 fletur
159 1615 192 1626 -
213 1586 346 1646 motibus
366 1617 397 1626 —
418 1605 531 1644 sensus.
547 1601 579 1644 v.
599 1582 675 1644 650:
693 1585 810 1644 lsevsm
823 1613 856 1626 —-
870 1577 951 1642 intes
966 1597 1056 1662 cqmcc
1069 1583 1206 1644 cbstrcxe

37 1690 137 1746 rotas.
171 1681 236 1760 IV,
252 1685 309 1747 88:
326 1682 408 1746 inter
422 1681 506 1744 ciues
520 1687 656 1748 volitare.
685 1675 718 1746 i.
737 1683 814 1746 247:
832 1689 901 1746 cire
916 1686 968 1763 qui
983 1680 1065 1745 ister
1079 1701 1111 1744 se
1125 1705 1207 1746 cum·

39 1809 104 1867 que
121 1792 171 1848 est
186 1785 349 1868 oculosque
364 1790 490 1850 locatus.
521 1806 553 1846 v.
571 1787 648 1848 281:
666 1792 736 1848 sim
749 1789 802 1867 qui
818 1782 900 1846 imtcr
914 1803 946 1846 se
961 1791 1121 1866 cumquest
1136 1804 1206 1846 occ·

40 1887 155 1970 lcsque
170 1892 297 1952 locctus.
328 1885 391 1964 VI,
409 1888 486 1952 831:
508 1895 591 1965 circ,
613 1892 666 1970 qui
683 1885 765 1948 ister
780 1885 847 1950 acis
862 1894 1021 1968 cumquest
1035 1891 1207 1968 terramque

42 1995 176 2054 locatus.
197 2010 229 2054 v.
248 1992 348 2054 1004:
370 1987 452 2052 imicr
467 1995 520 2072 qui
535 1987 858 2073 iwidemfcrscmque
874 1997 920 2052 est
936 2011 1064 2071 cumque
1080 1992 1206 2052 locatus.

44 2091 112 2168 lv,
130 2093 210 2155 398:
227 2090 310 2156 imtcs
326 2111 399 2175 quos
411 2096 490 2156 liber
506 2098 592 2175 petet
607 2096 714 2156 exitus.
744 2112 777 2153 v.
793 2093 874 2155 410:
896 2091 977 2153 ieter
993 2111 1042 2152 scs
1056 2091 1206 2174 solemque

46 2200 151 2258 ieesnt
164 2199 309 2258 immsnic
324 2199 411 2276 ponti
433 2217 563 2277 sequere
582 2198 744 2259 substrata.
769 2216 802 2258 v.
818 2195 899 2258 415:
923 2197 976 2276 qui
991 2191 1111 2272 lapides
1125 2192 1207 2256 inies

48 2302 132 2360 sistit
155 2322 209 2380 per
232 2305 328 2360 strete
351 2302 475 2362 viarum.
506 2319 540 2359 v.
563 2298 641 2361 575:
673 2302 786 2362 montis
809 2302 890 2360 inter
913 2319 1030 2378 opscos.
1060 2295 1103 2372 V,
1125 2297 1203 2360 939:

45 2398 244 2484 fficmdcfescs
260 2398 503 2464 interserebant
519 2423 642 2482 corpore
657 2419 793 2483 quercus.
816 2421 846 2462 v.
864 2400 941 2462 956:
959 2402 1100 2462 fructices
1115 2402 1205 2462 inter.

50 2523 83 2564 v.
103 2502 200 2564 1074:
218 2501 300 2564 ister
314 2522 407 2586 equas
422 2507 475 2566 ubi
491 2525 585 2584 equus
605 2537 637 2548 -
658 2507 763 2566 saevit.
794 2523 825 2564 v.
844 2502 943 2564 1280:
964 2505 1101 2564 mortalis
1116 2505 1205 2566 inter.

54 2625 85 2666 v.
104 2605 201 2667 1421:
218 2603 300 2666 imtcr
315 2624 364 2666 cos
379 2608 556 2669 distractam
572 2609 718 2686 sauguine
732 2609 831 2668 multo
847 2608 1027 2686 disperiisse.
1046 2602 1108 2680 VI,
1127 2604 1203 2666 110:

54 2706 148 2768 maios
170 2705 251 2768 ister
275 2711 387 2770 icctsts
417 2707 586 2790 trabesque.
627 2728 658 2769 v.
686 2709 763 2770 581:
794 2706 955 2787 spehmmcs
977 2704 1059 2768 inter
1081 2725 1207 2784 massas

55 2814 163 2872 fremit.
179 2806 241 2886 VI,
259 2810 320 2872 722
335 2808 417 2872 intes
431 2810 521 2890 niqra
537 2815 635 2874 virum
649 2845 681 2856 -
698 2808 800 2903 saecla
816 2813 960 2874 exoriens.
977 2829 1008 2870 v.
1028 2810 1107 2872 894:
1125 2811 1206 2890 quod

57 2909 153 2974 deicis
174 2910 256 2972 imtsr
279 2911 378 2974 salsas
401 2917 597 2976 intervomit
618 2917 727 2990 undas,
751 2910 809 2974 ubi
830 2909 966 2974 dubium
987 2915 1039 2972 est
1057 2913 1168 2972 utrum
1188 2929 1207 2971 e

58 3011 160 3095 priore
179 3012 260 3076 iuter
280 3012 425 3095 pendeat
445 3033 514 3078 ccc.
537 3014 637 3078 deicis
657 3014 831 3078 anseisus:
851 3013 914 3076 hoc
930 3011 1012 3076 mihi
1027 3017 1080 3076 est
1094 3009 1206 3075 verisi-
1315 3077 1323 3096 x

59 3112 174 3178 milius.

139 3217 170 3298 b)
193 3215 233 3280 de
249 3215 387 3286 diversis
402 3218 501 3284 rebus
517 3219 608 3284 etde
624 3216 826 3295 discrimine,
849 3216 937 3300 quod
955 3216 1042 3280 inter
1056 3237 1108 3280 res
1125 3215 1205 3280 ducs

62 3318 203 3402 pluresve
217 3317 407 3385 intercedit.
438 3321 468 3401 I,
486 3324 564 3386 619:
582 3346 654 3404 ergo
669 3345 768 3386 rerum
782 3320 865 3384 ister
879 3339 1023 3384 semmam
1037 3317 1205 3382 mimimcm·

63 3445 117 3504 que
132 3427 200 3504 quid
215 3427 311 3489 escit?

143 3525 168 3606 c)
190 3523 387 3609 Saepissime
412 3525 533 3590 dicitur
556 3526 637 3590 ieter
656 3547 688 3590 se
707 3525 747 3590 de
768 3524 898 3590 actione
922 3529 1046 3590 mutue.
1079 3524 1108 3602 I,
1127 3525 1203 3588 240:

66 3633 120 3692 nisi
137 3632 270 3692 materies
291 3617 414 3694 estsine
433 3639 565 3708 teneret,
587 3629 669 3693 imtcr
685 3650 717 3692 sc
732 3653 810 3694 nexu
825 3635 925 3692 minus
940 3636 994 3692 sut
1008 3633 1104 3710 mcgis
1118 3633 1206 3692 indu-

68 3735 167 3814 pedita.
195 3752 226 3792 v.
246 3733 323 3796 244:
349 3731 431 3794 iuter
454 3753 486 3795 se
509 3738 580 3815 quic
599 3757 692 3796 nexus
716 3736 934 3816 principiorum
953 3729 1116 3794 dissimiles
1137 3755 1206 3794 con·

68 3841 149 3898 stent.
171 3832 217 3911 II,
234 3835 312 3898 380:
333 3832 479 3897 discinmii
493 3834 574 3898 imber
588 3856 620 3898 ss
639 3871 670 3881 —
690 3839 818 3899 volitare
833 3840 937 3917 figure.
968 3856 1001 3897 v.
1017 3835 1096 3897 409:
1114 3831 1206 3895 dissi·

69 3935 129 3998 miii
141 3934 215 3998 ister
232 3956 264 3998 se
279 3945 418 4023 pugnent
433 3942 568 4020 perfectu
581 3943 686 4019 figure
702 3959 734 4000 v.
751 3938 831 4003 697:
849 3935 994 4000 dissimiii
1008 3946 1110 4000 tamen
1125 3934 1207 4000 ictor

70 4059 98 4102 se
111 4044 260 4104 consistere
280 4065 396 4104 summe
417 4048 554 4124 possunt.
584 4063 616 4103 v.
636 4042 714 4104 721:
738 4038 903 4104 dissimiles
917 4048 990 4104 sunt
1005 4038 1085 4102 ieter
1098 4059 1141 4102 se.
1172 4061 1204 4102 v.

73 4142 139 4206 783:
162 4146 317 4206 dissimiles
341 4177 372 4190 -·
398 4147 479 4208 inter
497 4169 539 4208 se.
569 4142 631 4223 IV,
648 4144 725 4208 370:
752 4140 915 4206 dissimiles
933 4141 1015 4204 inies
1033 4162 1065 4205 sc
1084 4167 1141 4206 res.
1172 4163 1204 4204 v.

74 4246 125 4309 775
140 4265 197 4326 sq.:
223 4252 348 4329 propter
371 4244 548 4308 dissimilem
572 4253 711 4310 usturam
731 4243 951 4327 dissimibisque
972 4253 1106 4308 texturcs
1124 4243 1206 4306 imtcr

73 4368 135 4412 sess.
160 4369 188 4409 v.
206 4349 283 4410 982:
307 4346 451 4410 dissimili
472 4348 553 4411 imter
572 4369 603 4411 ss
623 4356 741 4412 nutura.
772 4346 820 4425 II,
838 4348 915 4413 372:
941 4352 1022 4412 inter
1045 4371 1076 4410 se
1098 4352 1205 4411 simile.
