2978 4964
402 409 766 455 rulneosrrrounscou
789 409 902 453 rocus.
1189 395 1228 453 85

66 583 107 661 V,
126 587 213 647 551:
241 603 335 662 supra
356 607 433 665 quae
453 601 485 642 33
504 587 585 644 sunt.
616 578 678 657 IV,
695 583 774 643 405:
803 585 921 662 iamque
945 585 1069 642 rubrum
1093 585 1231 644 tremulis

66 692 154 751 iubar
180 691 308 768 ignibus
333 691 446 767 erigere
471 690 532 748 alte
553 708 621 747 cum
641 691 763 766 coeptet
784 692 892 748 notura
912 703 1065 765 supraque
1088 689 1231 746 extollere

65 795 196 852 3333733.
231 811 264 852 v.
281 791 359 852 406:
381 813 456 871 quos
477 792 534 850 tibi
555 795 622 850 tum
638 807 731 868 supra
747 793 793 850 sol
807 787 917 850 3333773
932 812 995 850 csse
1011 792 1132 850 videtur
1148 792 1229 848 cett.

67 917 98 956 v.
115 894 200 956 438:
228 917 299 956 nam
321 915 396 974 quae
419 915 546 973 cumque
566 911 660 971 cupro
679 909 774 952 rorem
795 895 864 954 salis
885 894 966 954 edita
987 915 1053 973 pers
1076 898 1122 953 est
1136 915 1232 953 remo·

67 1022 144 1059 rum.
183 994 249 1074 VI,
273 997 333 1058 505
368 1019 436 1057 cnm
465 1013 574 1074 supera
598 1013 738 1073 33393333
761 1013 843 1055 mare
866 999 951 1058 venti
974 997 1079 1058 nubila
1098 1001 1231 1076 portant.
1266 1015 1268 1023 ·

69 1123 99 1161 v.
118 1101 182 1162 561
202 1123 313 1182 supere
327 1106 448 1161 terrem.
480 1119 511 1159 v.
529 1097 590 1160 879
607 1119 698 1179 supra
713 1121 812 1178 quem.

155 1202 193 1285 b)
220 1201 262 1265 dc
277 1207 425 1284 tempore
442 1200 484 1279 V,
496 1201 558 1263 326
574 1219 752 1280 surrepere
767 1199 877 1261 7377333
892 1199 1059 1261 7173733333
1075 1196 1232 1282 etsuuera

71 1312 180 1371 Troiae
203 1331 267 1369 non
286 1309 359 1368 alias
381 1308 433 1368 alii
455 1328 574 1386 quoque
590 1327 636 1367 res
652 1307 785 1366 cecinere
801 1306 938 1385 poetoe7‚
959 1303 992 1364 h.
1011 1322 1040 1364 e.
1059 1304 1233 1382 quaerente

71 1409 202 1473 bellum
222 1407 327 1471 Theb.
345 1413 409 1470 etc.
428 1405 582 1491 fuerunt}

161 1512 263 1575 71333
277 1531 342 1573 uno
359 1509 432 1573 loco
449 1508 573 1593 legitur
588 1507 631 1586 V,
650 1509 712 1572 914
728 1508 928 1572 transmaria
943 1509 1009 1571 3773
1025 1513 1136 1591 pedum
1152 1513 1235 1572 nisus

74 1625 107 1680 ut
122 1641 240 1701 ponere
256 1621 366 1698 posset.

167 1718 261 1782 Ultra
276 1737 342 1780 uno
358 1714 432 1779 loco
449 1713 572 1798 legitur
587 1713 649 1792 IV,
668 1717 729 1778 269
745 1719 827 1778 ultra
841 1721 1005 1798 speculum.

182 1910 237 1962 III.
275 1907 548 1974 Praepositiones
570 1922 637 1957 cnm
658 1911 798 1971 utroque
820 1921 895 1957 ceso
916 1908 1124 1958 coniunctae.

161 2029 204 2092 13
227 2048 302 2091 cum
323 2023 468 2090 ablativo
494 2025 524 2107 e)
545 2022 757 2108 coniungitur
773 2044 847 2088 cum
863 2022 1050 2087 nominibus
1066 2023 1131 2087 loci
1148 2030 1182 2088 et
1198 2023 1237 2087 iis

79 2154 159 2214 quae
185 2153 246 2217 per
270 2129 498 2214 metaphoram
522 2149 580 2211 pro
610 2127 684 2190 loco
710 2126 926 2210 accipiuntur.
967 2128 996 2206 I,
1018 2129 1057 2192 63
1083 2135 1115 2191 in
1138 2134 1236 2192 terris.

80 2259 108 2298 v.
124 2238 206 2300 130:
230 2238 335 2318 quavi
351 2256 487 2315 quaeque
502 2239 647 2313 gerentur
661 2230 694 2292 73
710 2231 811 2294 terrie.
842 2253 875 2294 v.
894 2233 971 2294 152:
996 2237 1077 2314 quod
1093 2237 1190 2296 multe
1205 2230 1238 2292 73

80 2339 168 2401 ter-ric
188 2344 255 2403 fieri
276 2336 420 2419 caeloque
441 2343 577 2399 tuentur.
608 2357 640 2397 v.
659 2336 720 2398 210
741 2339 890 2399 interris.
921 2357 953 2397 v.
972 2337 1048 2398 868:
1072 2340 1097 2399 si
1118 2344 1190 2398 sunt
1205 2334 1238 2396 73

81 2441 179 2504 terrie.
221 2439 270 2520 II,
297 2441 374 2504 477:
407 2463 511 2522 aspera
539 2463 599 2522 quo
622 2443 719 2521 magis
743 2437 777 2500 73
802 2437 892 2501 733373
915 2443 1086 2502 haerescere
1110 2443 1236 2522 possint.

80 2543 143 2622 III,
162 2545 242 2609 173:
266 2543 299 2606 73
322 2547 404 2605 terro
424 2547 534 2606 mentis
550 2546 603 2624 qui
617 2547 755 2624 gignitur
770 2550 879 2606 cestus.
909 2564 941 2604 v.
960 2544 1037 2605 644:
1059 2549 1187 2605 tremere
1203 2525 1256 2602 m.

82 2652 158 2710 terra
182 2646 255 2734 (auf
273 2645 331 2709 der
351 2644 461 2728 Erde).
494 2643 537 2723 V,
556 2647 632 2708 586:
659 2669 734 2728 quos
761 2669 888 2728 cumque
914 2644 948 2706 73
974 2643 1064 2706 terrie
1083 2649 1235 2708 cernimu’.

81 2773 109 2814 v.
126 2753 189 2816 903
207 2757 242 2814 et
258 2751 320 2813 816
335 2755 367 2813 in
382 2754 480 2812 terris.
511 2771 543 2811 v.
561 2748 659 2812 1258:
683 2753 828 2813 videbant
845 2753 994 2831 posterius
1010 2753 1090 2811 claro
1104 2748 1139 2810 73
1155 2753 1236 2810 terra

83 2860 236 2938 splendere
259 2859 367 2917 colore.
413 2850 466 2914 sie
483 2851 619 2915 Lcchm.
643 2873 700 2936 pro
722 2850 756 2914 73
776 2857 884 2915 terras.
919 2849 981 2930 VI,
1000 2853 1054 2914 5οε
1078 2876 1153 2934 quac
1172 2856 1237 2915 fieri

82 2956 111 3019 73
131 2957 223 3022 733373
243 2957 387 3040 caeloque
407 2963 534 3020 tuentur
552 2960 703 3020 mortales.
735 2978 766 3018 v.
785 2957 863 3019 140:
886 2961 918 3020 in
938 2964 1026 3020 terre.
1058 2978 1089 3018 v.
1108 2957 1185 3019 261:
1203 2953 1237 3017 73

84 3065 160 3125 terra
182 3085 304 3146 quoque
325 3071 361 3124 ut
380 3066 563 3124 horrescant.
594 3081 626 3122 v.
644 3060 706 3123 398
732 3059 767 3122 73
788 3065 931 3142 terraque
951 3064 1045 3144 putris
1067 3083 1119 3122 cur
1140 3063 1237 3124 telum

83 3172 293 3249 perpetiuntur
302 3167 452 3248 optundit
468 3185 499 3226 v.
512 3164 590 3226 449:
608 3168 781 3246 montisque
792 3172 942 3228 necessest
957 3169 1075 3228 officere
1091 3163 1235 3226 interris.

84 3289 111 3329 v.
128 3271 189 3334 589
214 3275 247 3332 in
276 3273 373 3331 terris.
404 3289 436 3329 v.
455 3267 516 3330 630
542 3290 610 3330 cum
640 3271 720 3349 pluit
749 3266 783 3328 73
813 3265 914 3329 terrio.
945 3289 977 3329 v.
997 3267 1057 3330 713
1083 3265 1116 3328 73
1146 3266 1237 3328 terris

85 3377 214 3456 Aegypti
234 3377 338 3436 totius.
369 3393 401 3433 v.
427 3371 487 3435 770
514 3375 546 3434 in
565 3378 654 3434 terra.
685 3390 717 3432 v.
735 3371 797 3433 806
823 3375 906 3432 terro
932 3406 962 3414 -
989 3375 1094 3453 sulpur
1113 3368 1147 3431 73
1168 3370 1237 3451 psa

85 3479 207 3556 gignier.
228 3497 259 3537 v.
277 3477 340 3538 844
356 3473 457 3557 quiin
473 3479 586 3537 terrast
601 3477 722 3536 abditus
737 3497 832 3537 umor.
862 3495 894 3536 v.
913 3474 989 3536 956:
1008 3482 1039 3537 et
1053 3481 1236 3558 tempestate

85 3574 113 3637 73
136 3584 219 3642 terra
248 3577 392 3661 caeloque
421 3585 531 3640 coorta.
578 3575 631 3639 Sic
646 3575 793 3640 'Lachm
818 3597 876 3661 pro
906 3585 1119 3661 tempestatem
1146 3587 1235 3641 terra.

85 3677 110 3755 I,
126 3684 180 3746 80:
200 3687 232 3745 in
247 3686 294 3744 his
309 3685 408 3744 rebus.
437 3679 532 3742 Idem
547 3678 671 3762 legitur
686 3703 717 3743 V.
736 3681 809 3744 370.
826 3673 922 3743 1057.
940 3680 988 3759 II,
1006 3683 1068 3744 181
1084 3688 1116 3746 in
1132 3686 1178 3745 his
1200 3719 1231 3728 -

87 3787 176 3848 rebus.
212 3807 244 3847 v.
268 3786 329 3847 716
354 3788 437 3846 Illud
463 3783 497 3845 73
521 3783 568 3846 773
597 3809 716 3867 quoque
740 3791 771 3847 te
795 3781 882 3845 337333
904 3808 1082 3866 cognoscere
1104 3811 1234 3850 avemus.

87 3905 113 3946 v.
129 3887 202 3951 308.
221 3889 298 3950 581:
322 3891 405 3951 Illud
426 3886 526 3948 73773
547 3892 741 3969 obsignatum
761 3911 880 3971 quoque
900 3887 987 3950 33633
1002 3895 1113 3954 habere
1129 3914 1236 3954 conve·

88 3993 135 4052 nit.
165 4013 197 4053 v.
216 3992 277 4053 891
293 3994 377 4054 Illud
396 3990 430 4052 73
444 3989 493 4052 773
507 3995 602 4071 igitur
621 3990 709 4054 rebus
724 3995 895 4056 meminisse
911 3997 1039 4056 decebit.
1070 3990 1138 4071 III,
1156 3994 1234 4057 319:

87 4093 156 4157 illud
171 4092 205 4154 73
220 4092 268 4155 773
282 4093 370 4156 rebus
385 4098 489 4157 videor
503 4099 620 4158 firmare
636 4103 765 4178 potesse.
798 4117 827 4157 v.
846 4096 922 4159 370:
940 4101 1023 4159 Illud
1039 4094 1072 4158 73
1087 4095 1135 4158 773
1149 4096 1236 4158 rebus

88 4218 268 4280 nequaquam
284 4221 400 4261 sumere
416 4202 520 4280 possis.
551 4220 582 4259 v.
600 4198 674 4261 900.
706 4196 769 4277 IV,
787 4201 860 4262 256.
879 4201 955 4263 636:
978 4208 1124 4283 tantaque
1140 4199 1174 4260 73
1188 4198 1236 4261 773

88 4297 166 4362 relus
182 4304 327 4362 distantia
343 4304 548 4383 differitasque
564 4302 622 4384 (sc.
635 4302 698 4384 sit).
724 4299 777 4364 Sic
793 4301 976 4365 rectissime
993 4301 1078 4387 apud
1089 4301 1235 4365 Nonium

88 4420 115 4480 p.
130 4406 180 4481 95,
192 4405 232 4467 30
251 4422 309 4487 pro
325 4401 373 4464 773
387 4404 485 4466 rebus.
504 4426 535 4466 V.
555 4405 627 4468 777.
649 4407 725 4468 822:
745 4411 827 4469 lllud
844 4405 877 4468 73
892 4405 939 4468 773
955 4412 1064 4472 vitium
1080 4417 1235 4472 vementer
