2944 4968
236 873 546 964 Quemadmodum
600 873 773 974 syntaxin
826 873 1026 970 priscorum
1073 873 1289 969 scriptorum

131 1009 354 1101 Latinorum,
366 1012 418 1084 ita
428 1013 536 1085 etiam
547 1010 811 1100 Lucretianam,
829 1020 930 1082 ratus
941 1020 1087 1107 propter
1097 1011 1289 1082 mirificum

132 1148 274 1221 dicendi
284 1150 437 1250 generis,
456 1173 528 1245 quo
547 1148 605 1219 hic
623 1148 776 1244 scriptor
794 1171 882 1219 usus
898 1156 962 1234 est,
981 1125 1134 1219 nitorem
1150 1172 1233 1219 eum
1252 1147 1290 1217 in

131 1284 257 1381 primis
276 1283 427 1383 dignum
445 1309 533 1373 esse,
561 1294 612 1372 ut,
641 1309 749 1379 quam
767 1283 945 1356 rationem
972 1293 1116 1355 secutus
1140 1293 1233 1354 esset
1251 1282 1288 1353 in

131 1420 254 1492 verbis
273 1430 309 1492 et
317 1418 633 1493 enunciationibus
644 1417 920 1507 conformandis,
939 1427 1191 1515 exponeretur,
1211 1417 1290 1488 illu-

134 1556 318 1629 strandam
345 1582 423 1631 esse
448 1558 588 1656 putavi.
645 1557 725 1648 Qua
749 1556 787 1627 in
811 1581 849 1628 re
873 1555 925 1628 ita
946 1565 1112 1630 versatus
1135 1579 1225 1642 sum,
1249 1564 1291 1626 ut

133 1695 347 1790 comparatis
375 1695 471 1768 inter
494 1721 533 1768 se
555 1696 774 1768 editionibus
798 1693 1019 1766 Lachmanni
1042 1701 1079 1764 et
1100 1691 1289 1788 Bernaysii

136 1855 215 1902 eam
249 1831 444 1904 verborum
481 1833 665 1930 scriptoris
702 1830 1037 1917 conformationem,
1073 1854 1166 1925 quae
1201 1827 1290 1900 mihi

133 1967 255 2042 verior
278 1993 355 2041 esse
377 1969 574 2060 videretur,
599 1981 755 2060 secutus,
781 1968 1052 2042 observationes
1075 1966 1184 2038 etiam
1208 1991 1290 2065 syn·

133 2105 295 2193 tacticaS,
323 2099 414 2202 rinae
442 2107 479 2178 in
506 2106 727 2180 Lachmanni
757 2105 1023 2179 commentariis
1046 2104 1288 2190 continentur,

134 2251 299 2315 accurate
318 2243 523 2342 colligerem
542 2254 578 2317 et
595 2245 634 2317 in
644 2270 750 2318 usum
760 2270 881 2316 meum
892 2251 1149 2316 converterem.
1186 2239 1291 2312 Prae-

132 2387 231 2449 terea
248 2389 367 2451 autem
379 2378 496 2452 dicere
506 2406 580 2454 uon
589 2406 747 2478 possum,
767 2390 988 2476 quantopere
999 2379 1037 2449 in
1047 2377 1291 2476 disputatione

133 2538 213 2585 mea
240 2514 475 2604 contexenda,
504 2526 545 2587 ut
567 2516 656 2589 alios
678 2515 777 2590 viros
804 2515 943 2605 doctos,
972 2515 1035 2612 qui
1062 2515 1100 2586 in
1124 2514 1291 2587 Lucretio

133 2649 427 2740 elaboraverunt,
454 2652 754 2748 praetermittam,
783 2651 827 2724 iis
847 2676 938 2748 quae
957 2651 1164 2749 Briegerus,
1188 2647 1291 2723 Suse-

132 2786 292 2876 mihliuS,
311 2771 449 2860 Pollius'
472 2787 517 2860 ad
536 2798 631 2862 recte
650 2787 903 2862 constituenda
920 2787 1033 2863 verba
1051 2787 1235 2884 scriptoris
1253 2787 1291 2857 in

133 2921 323 3021 Philologo
351 2925 568 3013 attulerunt,
596 2924 742 2999 adiutus
772 2923 851 2998 sim.
905 2923 1102 3022 Praecipue
1130 2923 1291 2997 sedulam

134 3083 280 3156 operam
298 3060 432 3132 navavi
450 3061 790 3158 praepositionibuS,
808 3060 1002 3134 transitivo
1013 3071 1049 3134 et
1059 3060 1292 3134 intransitive

135 3195 217 3268 usui
251 3195 446 3268 verborum
478 3196 576 3294 apud
602 3196 809 3270 Lucretium
840 3208 949 3294 atque
976 3197 1291 3271 coniunctionibus

135 3331 361 3429 copulativis.
397 3331 527 3405 Errata
544 3334 764 3434 typographi
782 3335 908 3408 notavi
926 3334 1069 3408 haecce:
1088 3359 1123 3431 p.
1140 3338 1187 3406 49
1207 3333 1230 3404 l.
1244 3335 1288 3404 21

134 3467 364 3540 scribendum
382 3478 437 3541 est
455 3467 637 3566 supplevit,
655 3496 690 3567 p.
712 3473 758 3541 57
778 3471 801 3541 l.
819 3474 840 3542 8
859 3470 1047 3568 mapistris.
1085 3467 1292 3543 Scribebam

134 3601 339 3704 Numburgi
356 3603 472 3702 pridie
490 3601 612 3677 Nonas
632 3599 830 3702 Septembr.
851 3630 882 3677 a.
902 3604 1225 3678 MDGOOLXVIH.
