2932 4966
215 385 276 444 142
638 399 781 443 000000.
816 399 888 444 our.
906 399 952 443 x1.

215 567 372 651 Impressi
392 568 463 652 quia
485 567 538 640 rii,
561 567 820 650 parumIatins.
855 567 916 644 VI,
936 570 1032 631 11168.
1052 567 1394 649 Sexeiideeprimum
1452 630 1453 653 ,

221 677 446 734 Quoalescere
483 668 535 731 Sio
556 669 718 731 Marullus
739 691 799 752 pro
824 669 903 731 uide.
935 667 983 732 ita
1003 668 1083 732 alibi
1101 674 1204 732 Multa
1225 675 1395 731 elementa

216 778 315 850 vides,
346 778 486 855 Denique
516 777 614 834 multe
643 775 735 835 vides.
781 793 798 834 e
830 771 992 834 contrario
1025 777 1255 885 Contemplator
1282 775 1395 842 enim,

217 880 370 958 Principio
390 879 484 938 meria
502 899 536 938 ao
557 884 651 938 terras
673 879 849 957 caelumque
868 883 962 937 tuere.
995 873 1086 937 Haeo
1111 873 1200 936 viam
1223 871 1395 935 muniunt
1452 858 1453 863 ¹

218 977 258 1040 ed
277 976 519 1060 imperativum.
1452 972 1453 1049 1

304 1084 334 1143 3.
368 1078 514 1160 Impera
504 1100 580 1141 7700
613 1076 661 1154 II,
679 1080 776 1141 1:023
796 1079 1245 1143 Nuneanimumnobisadkit
1247 1101 1391 1141 everam

219 1188 258 1246 ad
276 1188 433 1246 rationem
470 1180 523 1242 Sio
547 1187 712 1242 oorreotor
738 1179 889 1262 quadrati
910 1187 944 1244 et
965 1181 1066 1244 ceteri
1088 1203 1146 1265 pro
1168 1181 1391 1244 adhibueram.

220 1285 254 1348 in
275 1284 405 1360 libroI,
424 1286 462 1346 51
485 1283 574 1345 07770
596 1303 696 1344 oerum
717 1283 937 1346 membranae.
970 1283 1017 1362 ΙΙ,
1037 1287 1119 1349 1039
1142 1284 1337 1364 Percipio(
1340 1282 1391 1344 sic

221 1386 358 1448 Imohm.
387 1407 443 1468 pro
464 1385 637 1468 Principio)
661 1390 735 1448 caeli
755 1391 868 1448 elerum
888 1412 1058 1469 purumque
1083 1392 1222 1450 colorem.
1252 1285 1337 1464 „itai
1357 1383 1393 1445 in

220 1490 262 1567 V,
280 1492 320 1552 93
337 1493 490 1570 Principio
506 1493 600 1552 maria
615 1513 649 1551 ae
663 1497 758 1552 terres
776 1494 980 1571 caelumquei
984 1510 1073 1561 uere,·
1091 1496 1226 1567 Quorum
1241 1497 1390 1552 naturam
1452 1532 1453 1624 p

221 1597 373 1674 triplicem
396 1595 461 1652 ete.
492 1589 527 1652 in
543 1589 585 1667 V,
603 1592 666 1653 318
681 1597 849 1673 Denique'
842 1617 901 1655 rem
918 1598 1002 1654 77070
1017 1599 1084 1670 hoe,
1105 1598 1217 1655 circum
1233 1615 1392 1674 supraque

223 1699 303 1777 quod
325 1717 443 1758 omnem
461 1697 606 1756 Continet
628 1699 767 1776 amplexu
787 1699 929 1758 tmmmf‘
960 1692 1027 1771 ΙΙΙ,
1045 1695 1122 1758 437:
1146 1696 1232 1756 erede
1251 1701 1388 1758 enimam

222 1821 342 1880 quoque
358 1800 496 1858 diffundi.
524 1794 585 1873 VI,
602 1797 679 1858 335:
698 1797 777 1858 adde
792 1797 872 1880 quod
886 1802 1010 1860 omnino
1025 1806 1135 1859 nature
1150 1802 1283 1880 pondere
1297 1802 1389 1859 deor·
1452 1758 1453 1818 i

223 1926 289 1964 sum
306 1904 405 1963 omnia
420 1904 571 1961 nituntur.
603 1897 656 1960 Sic
672 1896 810 1961 Lachm.
828 1920 886 1982 pro
903 1897 1012 1960 deiude
1027 1897 1108 1982 quod
1122 1897 1251 1960 dicens:
1274 1896 1389 1977 „illud

224 2004 303 2086 quod
322 1999 408 2062 unde
431 1999 574 2082 pendeat
594 1999 677 2062 nihil
698 2005 760 2062 est.
794 2020 871 2082 ergo
894 1998 1052 2063 faciemus
1068 2007 1184 2064 ADDu
1207 2003 1300 2086 quod:
1323 2002 1386 2062 hoe

225 2104 311 2168 enim
336 2103 423 2166 solet
445 2101 493 2164 ite.
516 2107 665 2185 repetere
685 2099 872 2165 Lueretius.
904 2101 978 2164 vide
1000 2101 1068 2180 ΙΙΙ,
1092 2105 1166 2166 828.
1192 2105 1265 2166 889.
1288 2105 1374 2166 1036

226 2208 319 2272 1037.
353 2205 415 2283 IV,
433 2208 528 2270 1121.
554 2207 647 2268 1122.
679 2204 740 2281 VI,
759 2207 832 2267 611.
851 2206 952 2267 613.“
986 2203 1048 2282 VI,
1067 2207 1143 2267 189:
1169 2206 1387 2286 contemplato-r

229 2316 318 2374 enim.

311 2415 342 2473 3.
377 2409 604 2472 Coniuuriiuue.
643 2430 672 2470 a.
704 2407 847 2470 Afferam
875 2407 1017 2492 primum
1048 2409 1199 2491 exempla
1228 2406 1385 2471 nonnulla

227 2511 429 2577 coniunctivi
449 2509 652 2593 potentialis.
689 2511 718 2588 Ι,
741 2512 802 2573 805
819 2532 908 2591 sqq.:
932 2521 963 2574 et
982 2518 1039 2575 nisi
1060 2520 1226 2595 tempestas
1246 2516 1384 2590 indulget

226 2628 362 2700 tempore
378 2620 477 2678 fausto
493 2620 667 2696 solque‘sue
681 2638 735 2696 pro
751 2622 838 2696 parte
853 2620 936 2677 fovet
950 2619 1119 2697 tribuitque
1130 2621 1268 2692 calorem,
1284 2617 1383 2677 imbri·

227 2726 283 2784 bus
299 2729 330 2782 et
345 2723 415 2781 tabe
432 2723 602 2781 nimborum
613 2723 752 2780 ambusta
762 2721 914 2794 vacilleut,
931 2742 1061 2780 erescere
1077 2742 1138 2780 non
1148 2717 1271 2797 possint
1286 2723 1383 2794 fruges
1452 2760 1453 2778 2

228 2828 352 2886 arbusta
367 2825 538 2897 animantis,
555 2819 612 2882 ubi
627 2819 661 2882 in
678 2817 909 2882 enunciatione
926 2819 1092 2903 sumptiva
1108 2826 1159 2882 est
1174 2817 1380 2881 indicativus.

227 2924 295 3000 ΙΙΙ,
314 2926 392 2986 948:
418 2929 518 2986 omniu
539 2927 564 2984 si
580 2943 693 3002 perper
708 2927 837 2989 vivendo
852 2927 973 2986 vincere
989 2928 1093 2986 saecla.
1125 2921 1182 2983 L.:
1200 2921 1274 3000 „sio
1289 2921 1382 2982 Lem·

229 3025 326 3088 binus
342 3032 432 3088 reete
448 3045 505 3106 pro
524 3045 646 3104 perper:
666 3046 742 3086 nem
760 3023 793 3086 in
812 3045 911 3086 versu
933 3024 1081 3108 proximo
1107 3023 1230 3106 legitur
1254 3031 1279 3088 si
1301 3047 1381 3086 num-

230 3154 320 3212 quam
336 3133 375 3192 sis
391 3133 584 3190 moriturus.“
616 3126 676 3203 VI,
694 3129 770 3190 568:
794 3132 876 3209 quod
896 3133 954 3191 nisi
969 3127 1119 3209 respirent
1134 3133 1229 3206 venti,
1245 3134 1288 3190 vis
1303 3129 1382 3190 nulla

229 3232 376 3316 refrenet.

317 3334 350 3396 b.
381 3331 599 3395 Couiuoeiioue
615 3331 648 3393 iu
664 3331 930 3394 enunciatiouibur
946 3332 1101 3394 0770077070
1117 3332 1246 3394 aliunde
1256 3331 1381 3412 pendere·

232 3436 323 3497 77700.
349 3435 397 3512 ΙΙ,
416 3438 478 3500 389
495 3457 543 3518 sq.
570 3433 633 3511 IV,
650 3437 727 3497 561:
744 3440 957 3513 internoscere,
973 3441 1132 3498 verborum
1148 3441 1301 3498 sententie
1314 3455 1381 3516 quae

232 3537 284 3599 eii.
318 3560 350 3600 v.
369 3538 447 3601 877:
470 3545 561 3602 Nune
581 3543 634 3620 qui
645 3539 709 3620 fiai
730 3542 777 3598 uti
797 3562 899 3618 passus
921 3544 1052 3621 proferre
1068 3560 1211 3623 queamus
1230 3575 1263 3584 —
1284 3543 1379 3600 dicam.

233 3662 264 3701 v.
282 3641 360 3702 929:
385 3645 444 3702 Sed
465 3644 574 3722 quibus
598 3645 671 3702 haee
690 3642 779 3701 rebus
800 3647 918 3703 novitas
940 3644 1065 3724 ooufiai,
1087 3679 1118 3688 -
1140 3645 1306 3723 expediam.
1335 3635 1381 3699 Sic

233 3740 466 3804 Lachmannus
486 3763 544 3822 pro
567 3743 689 3826 roriflui.
723 3741 780 3803 sed
800 3741 950 3826 impressi
972 3745 1122 3826 confletur
1143 3749 1176 3805 et
1191 3741 1380 3805 recentiores

236 3865 309 3906 oum
333 3842 495 3906 Lambino
527 3845 683 3928 confletur.
725 3844 766 3921 V,
793 3846 871 3908 131:
905 3855 1021 3908 eertum
1045 3870 1078 3907 ue
1103 3850 1314 3928 dispositumst
1338 3843 1381 3904 ubi

236 3952 374 4029 quicquit
389 3951 503 4009 0700007
519 3955 551 4009 et
566 3945 652 4008 70077.
684 3946 737 4008 Sio
760 3947 859 4009 etiam
878 3945 945 4024 ΙΙΙ,
964 3947 1036 4010 ren
1068 3946 1109 4024 V,
1129 3951 1201 4010 545.
1233 3947 1378 4024 v1,781:

238 4054 357 4112 Deinde
381 4055 483 4112 videre
508 4053 580 4112 lieet
604 4073 693 4130 quum
714 4056 829 4113 multae
854 4049 917 4111 0777
941 4056 1057 4114 homini
1082 4075 1128 4114 res
1149 4057 1258 4113 aeriter
1283 4055 1380 4114 infesto

237 4177 335 4215 sensu.
371 4151 470 4235 Apud
493 4150 640 4214 Nonium
660 4155 732 4230 394,
756 4155 795 4216 18
816 4153 879 4214 0777
906 4151 1037 4215 omisso.
1069 4175 1100 4215 v.
1125 4155 1207 4216 1133
1228 4174 1316 4235 sqq.:
1336 4170 1380 4214 nec

238 4261 332 4318 refert
347 4264 449 4318 utrum
464 4279 518 4318 nos
534 4260 565 4318 in
582 4260 648 4318 locu
663 4259 855 4319 deveniamus
871 4259 958 4319 nobis
973 4262 1096 4320 adversa
1112 4266 1143 4319 et
1158 4261 1233 4319 caeli
1242 4264 1379 4317 mutemus

239 4363 393 4435 amictum,
410 4383 447 4420 an
464 4363 578 4421 caelum
595 4361 682 4421 nobis
698 4364 779 4420 ultro
795 4368 903 4423 nature
919 4368 1054 4423 coortum
1073 4358 1193 4439 7070707
1209 4371 1262 4420 aut
1278 4357 1378 4438 aliquid
