2886 4998
181 285 242 346 104
601 297 748 342 euouou.
774 298 846 342 oar.
871 299 903 343 r.

178 493 212 531 ea
239 475 281 532 vis
307 475 402 534 omnis
425 473 598 532 morborum
622 473 831 552 pestilitasque
855 477 909 530 eut
934 475 1116 532 extrinsecus
1146 507 1175 514 -
1207 475 1338 533 veniunt

178 575 258 634 cett.
295 569 391 653 Apud
407 568 554 633 Nonium
572 571 668 653 rltqae
682 569 729 631 eia
744 569 886 632 omeliam.
918 569 960 648 V,
978 572 1133 634 secunus
1154 609 1185 618 -
1207 577 1338 655 quisque

182 711 213 720 -
230 699 332 737 eorum
347 673 422 740 κατὰ
438 673 544 740 σύνεσιν
559 672 701 736 relatum
717 676 769 734 est
783 671 826 736 ad
840 691 1070 754 praegressum
1078 679 1218 738 mortalia
1227 679 1338 738 saecla.

177 775 371 858 Exemplum
390 795 465 837 cum
480 796 572 858 pron.
590 774 686 836 relat.
706 772 874 837 coniuncti
893 773 1094 858 pronominis
1111 781 1162 838 est
1185 775 1245 855 VI,
1258 779 1336 839 320:

177 904 231 944 nec
246 888 359 942 temere
375 883 497 942 omnino
514 882 602 960 plene
618 881 662 939 vis
679 881 789 958 frigide
804 883 887 940 venti
903 902 966 940 esse
982 887 1093 960 potest,
1110 899 1144 939 eo
1160 901 1237 962 quae
1247 887 1340 944 tanta

177 986 206 1045 vi
230 986 319 1044 misse
343 991 509 1064 supernest.
541 977 595 1042 Sic
611 977 747 1041 Lacbm.
775 999 832 1060 pro
859 999 894 1040 es
918 1001 1006 1062 quae.
1039 980 1176 1043 Duobus
1198 979 1281 1044 loeis
1302 981 1341 1042 id

176 1104 291 1168 petoque
311 1105 330 1144 e
349 1080 504 1145 Lucretio
527 1081 575 1144 ite
589 1079 733 1164 positum
751 1086 813 1158 est,
837 1086 875 1142 ut
897 1080 937 1143 ed
958 1082 1129 1166 sequentia
1150 1090 1281 1167 spectet
1301 1091 1339 1146 et

176 1206 233 1268 per
258 1183 390 1268 ellipsin
415 1183 540 1246 dictum
565 1182 609 1245 sit
633 1203 706 1268 pro:
738 1182 772 1245 id
800 1205 929 1266 quoque
959 1181 1088 1250 videtur
1113 1207 1224 1251 verum
1250 1208 1337 1250 esse.

176 1267 408 1350 Laihmannus
432 1307 490 1369 per
514 1285 586 1372 quin
611 1285 704 1348 etitem
729 1284 883 1370 explicat.
924 1286 953 1364 I,
980 1271 1066 1352 655?
1089 1289 1122 1351 id
1150 1309 1277 1374 praeque,
1309 1295 1337 1352 si

176 1395 288 1455 facient
317 1428 364 1466 -‚
389 1394 506 1452 denseri
531 1397 676 1472 poterunt
700 1393 785 1470 ignes
811 1394 891 1452 cett.
919 1395 953 1452 et
979 1389 1038 1467 VI,
1063 1393 1134 1454 145.
1175 1390 1273 1454 Quod
1294 1389 1337 1454 ad

176 1515 280 1577 genus
305 1491 401 1556 liuius
427 1489 626 1576 pronominis
652 1490 784 1569 attinet,
811 1497 963 1554 neutrum
988 1491 1124 1574 pluralis
1150 1492 1282 1586 numeri
1299 1514 1337 1555 ea

176 1593 409 1682 complectitur
428 1594 509 1658 duas
531 1613 582 1656 res
599 1591 719 1656 diversi
736 1592 865 1675 generis
881 1592 943 1670 IV,
961 1595 1038 1656 396:
1063 1600 1167 1679 solque
1184 1602 1248 1678 pari
1263 1603 1338 1660 rati·

175 1723 231 1762 one
252 1723 371 1762 manere
394 1707 425 1761 et
444 1702 517 1762 lune
537 1701 679 1760 videntur
701 1702 732 1758 in
754 1701 894 1774 statione,
916 1717 950 1758 ea
972 1718 1049 1780 quoe
1071 1703 1141 1760 ferri
1157 1723 1203 1764 res
1219 1704 1338 1764 indicat

175 1807 248 1885 ipsa.
280 1799 490 1884 Quapropter
510 1821 577 1862 non
597 1804 686 1862 recte
706 1797 912 1860 scribebatur
928 1798 994 1876 ΙΙΙ,
1013 1801 1073 1863 335
1091 1800 1236 1863 intereos
1253 1804 1337 1884 (eor-

174 1927 235 1988 pus
252 1909 287 1966 et
303 1902 458 1985 animum)
474 1908 629 1984 recteque
646 1901 888 1964 ahachmanno
906 1897 1091 1966 correctum
1106 1909 1157 1966 est
1172 1903 1255 1966 inter
1271 1927 1336 1979 eae,

69 2067 79 2078 ,
177 2006 252 2092 quia
268 2005 352 2068 dixit
368 2011 465 2089 poeta
481 2011 612 2088 corporis
628 2015 719 2090 atque
735 2010 827 2068 animi
844 2013 987 2088 potestas.

263 2109 447 2172 Pronomen
471 2108 499 2170 a'a
523 2128 755 2190 nonnunquam
781 2127 839 2190 per
864 2105 995 2190 ellipsin
1021 2107 1197 2172 omittitur.
1232 2108 1287 2172 Sic
1306 2111 1335 2191 Ι,

177 2214 237 2278 328
260 2217 439 2276 moderatim
460 2235 590 2276 crescere
611 2235 734 2291 cogens,
757 2230 802 2271 sc.
826 2231 892 2277 eae.
916 2231 946 2271 ν.
972 2212 1029 2274 75Ι
1055 2233 1120 2294 sq.:
1145 2217 1281 2276 conicere
1302 2223 1337 2278 ut

175 2323 270 2401 possis
291 2341 326 2378 ex
347 2323 414 2393 hoc,
435 2337 513 2400 quoe
533 2339 652 2378 cernere
668 2339 729 2379 non
745 2319 812 2394 quis
828 2322 994 2375 extremum
1010 2317 1092 2395 quod
1108 2319 1232 2394 habent,
1249 2323 1338 2382 mini·
1362 2305 1365 2312 Ι

175 2445 259 2484 mum
281 2424 443 2482 consistere
464 2442 610 2502 prorsum,
633 2436 714 2500 quae
735 2414 835 2478 verbe
855 2413 1087 2479 Lachmannus
1109 2414 1157 2478 ite
1174 2416 1335 2502 explicat:

177 2521 334 2586 Conicere
351 2526 388 2582 ut
404 2517 510 2602 possis
527 2539 567 2582 ex
582 2519 656 2594 hoe,
675 2538 756 2599 quae
773 2538 905 2580 cernere
920 2539 984 2580 non
1001 2517 1084 2600 quis,
1102 2541 1137 2581 ea
1153 2525 1338 2584 extremum

176 2624 263 2709 quod
285 2625 420 2702 hebent,
443 2622 478 2683 id
498 2619 668 2693 minimum
690 2618 870 2682 consistere
886 2621 992 2684 multo
1009 2622 1114 2704 magis
1131 2629 1230 2705 atque
1246 2646 1338 2708 pror-

176 2751 259 2792 sum.
291 2726 358 2804 111,
378 2729 435 2790 tl:
458 2749 634 2808 semperque
649 2727 804 2790 innubilus
825 2730 930 2810 aether
944 2730 1066 2806 integit.
1097 2725 1252 2790 boehm:
1270 2749 1338 2805 „ex

176 2830 285 2912 astrepit
302 2851 341 2893 ex
358 2825 578 2912 superioribus
600 2825 704 2909 repeti
720 2825 821 2888 debet
837 2847 887 2888 eas
903 2826 998 2889 sedes
1015 2827 1162 2901 deorum,
1185 2836 1222 2892 ut
1237 2830 1337 2912 paulo

176 2939 252 3018 post
268 2933 413 3016 loapeqee
428 2951 556 2992 remorae
572 2935 648 2992 ea.“
674 2927 714 3005 V,
728 2930 811 2992 1229
828 2927 868 2990 ad
885 2931 1003 3012 poluerit
1021 2938 1131 2994 mente
1148 2931 1336 2996 addendum

177 3041 229 3098 est
243 3056 293 3097 eos
309 3033 484 3117 (Lacum).

261 3135 468 3200 Pronominis
479 3133 644 3218 procrearint
660 3134 809 3218 exempla
825 3140 903 3198 sunt
919 3134 967 3212 II,
980 3138 1058 3198 159:
1077 3137 1141 3198 scis
1157 3162 1172 3202 e
1188 3143 1336 3220 partibus,

177 3242 209 3304 h.
223 3262 251 3304 e.
264 3239 353 3302 exiis
364 3237 629 3322 vecuipartibus,
648 3259 727 3320 ques
745 3243 959 3322 occuparunt.
982 3238 1157 3322 (Lechm.).
1178 3241 1241 3319 IV,
1253 3231 1334 3306 472:

177 3349 229 3429 qui
249 3349 347 3427 capite
368 3349 432 3426 ipse
452 3364 507 3404 sua
530 3348 562 3406 in
581 3347 692 3405 statuit
711 3346 839 3422 vestigia
859 3344 932 3406 sese.
967 3340 1021 3404 Sic
1038 3341 1175 3408 Lachm.
1193 3347 1252 3428 pro
1268 3367 1334 3408 aue.

262 3446 431 3508 Pronomen
455 3445 640 3530 chieea'vum.
677 3443 725 3520 Il,
747 3445 825 3506 460:
852 3449 991 3526 Pangere
1016 3451 1062 3509 uti
1087 3453 1204 3529 possint
1229 3473 1336 3531 corpus

176 3560 393 3635 penetrareque
418 3570 493 3621 sese,
520 3547 592 3611 scil.
619 3567 653 3610 se
678 3551 849 3630 penetrare
874 3545 908 3610 in
933 3569 1062 3632 corpus.
1094 3548 1161 3626 ΙΙΙ,
1184 3552 1261 3612 886;
1285 3557 1336 3633 qui

176 3657 272 3739 possit
287 3658 372 3716 vivus
388 3656 447 3716 sibi
461 3677 491 3714 se
508 3657 611 3733 lugere
627 3659 817 3734 peremptum
838 3660 981 3735 stansque
1002 3657 1151 3716 iacentem
1165 3673 1197 3713 ee
1212 3658 1336 3718 lacerari

177 3762 260 3822 urive
282 3761 383 3819 dolere
405 3756 446 3837 (se
467 3753 648 3819 secundum
667 3752 774 3816 italos
796 3752 923 3816 addidit
944 3753 1132 3836 Aventius).
1169 3753 1231 3831 IV,
1254 3758 1333 3819 802:

178 3869 208 3923 et
230 3864 300 3942 quie
319 3864 422 3923 tenvia
441 3866 522 3935 sunt,
543 3863 600 3922 nisi
620 3877 651 3919 se
673 3862 840 3933 contendit,
861 3867 948 3922 acute
969 3881 1089 3922 cernere
1110 3881 1170 3920 non
1192 3863 1274 3941 potis
1290 3869 1336 3924 est

177 3968 303 4027 enimus.
335 3960 491 4023 Lechm.:
515 3959 594 4038 „Sic
616 3966 705 4022 recte
726 3958 906 4022 Lambinus
930 3982 987 4044 pro
1012 3965 1144 4042 nisique
1166 3968 1334 4024 contendit.
1395 3993 1397 4000 >

177 4067 212 4130 in
227 4063 383 4150 proximis
400 4069 452 4126 est
466 4070 535 4147 Ipse
551 4075 636 4146 parat
656 4083 718 4126 sese
734 4087 822 4146 porro
838 4065 881 4145 (v.
899 4064 984 4144 805),
1011 4061 1089 4124 item
1108 4070 1290 4149 contendere
1306 4087 1336 4126 se

177 4182 268 4252 atque
292 4191 396 4252 perere
421 4169 464 4247 (v.
491 4167 605 4250 809).“
644 4165 685 4243 V,
714 4169 789 4229 185:
817 4169 949 4248 quidque
973 4171 1054 4230 inter
1077 4185 1140 4228 aere
1163 4176 1335 4248 permutato

178 4277 282 4338 ordine
307 4277 439 4354 possent.
471 4268 524 4332 Sic
549 4267 728 4332 Brixiensis
755 4266 855 4330 editio
881 4275 915 4329 et
936 4267 1098 4332 Marullus
1118 4289 1176 4352 pro
1197 4274 1278 4332 inter
1292 4290 1332 4332 se.
