2932 4966
346 329 610 374 corruscrrorss
635 331 909 374 cosmrrorrrss,
942 331 1024 389 srvr,
1051 332 1120 374 sse.
1247 315 1308 376 197

150 505 246 582 ignis3
267 499 331 562 re've
350 505 408 582 ipsi
429 524 546 582 serpere
566 509 702 582 possunt.
734 523 765 560 v.
785 502 844 563 575
862 522 911 582 sq.
934 505 995 563 sive
1021 537 1051 545 -
1076 507 1147 564 sive.
1178 524 1209 564 v.
1229 504 1312 564 1244

150 625 225 686 sqq.
244 628 298 666 seu
317 641 350 650 —
370 608 432 666 sive
453 639 484 648 -
504 608 567 666 sive
588 640 619 648 -
639 609 710 667 sive.
745 602 807 680 VI,
826 606 909 667 1018
925 607 987 666 sive
1008 641 1039 648 -
1060 609 1132 667 sive.

238 706 267 792 β)
291 705 402 768 Semel
422 704 449 766 si
469 698 613 788 ¹ponitur,
635 704 748 767 eedem
769 703 853 767 ratic
875 703 1079 768 intercedere
1099 711 1212 788 potest
1227 705 1313 769 inter

151 807 217 870 duo
234 802 393 885 meinbra,
411 814 510 890 atque
527 814 635 884 antea,
658 805 715 870 ubi
735 806 767 869 in
791 807 897 890 priore
913 790 1060 870 niembro
1075 807 1138 870 ricc
1154 807 1313 870 omissum

151 931 224 972 esse
251 909 359 974 dicere
386 915 492 994 potere,
520 910 577 972 sed
603 909 731 993 saepius
755 910 903 973 membra
922 932 989 973 non
1010 915 1089 973 sunt
1108 909 1257 992 aequalia
1279 917 1313 974 et

151 1011 291 1096 corrigit
313 1013 406 1095 quasi
426 1001 488 1074 ricc
507 1011 677 1076 notionem
699 1019 797 1076 antes
816 1013 989 1096 prolatam„
1022 1012 1093 1074 Hoc
1116 1010 1143 1074 si
1158 1012 1208 1089 fit,
1230 1035 1311 1075 ncn-

150 1137 322 1198 nunquam
336 1115 503 1179 adduntur
511 1115 629 1195 potius,
647 1117 721 1178 adeo
731 1115 851 1198 potius,
869 1116 960 1179 etiam
969 1115 1086 1196 potius.
1113 1115 1142 1194 I,
1154 1118 1231 1177 861:
1249 1116 1313 1177 eice

151 1226 236 1284 cibos
261 1219 358 1285 omnis
383 1225 545 1282 commixto
570 1241 692 1302 corpore
716 1218 820 1284 (licent
844 1245 916 1283 esse.
955 1242 987 1281 v.
1014 1222 1090 1282 955:
1117 1223 1199 1300 quod
1222 1222 1312 1282 inane

152 1331 340 1407 repertumst
359 1343 411 1384 reu
432 1327 515 1385 locus
536 1347 569 1385 ae
585 1327 725 1404 spatium.
757 1321 817 1400 VI,
837 1324 930 1385 1003.
962 1320 1029 1399 III,
1049 1323 1121 1384 183.
1140 1325 1201 1383 554
1218 1342 1309 1403 sqq.:

150 1433 195 1490 sie
210 1431 328 1490 animus
344 1450 443 1508 perse
459 1449 520 1489 non
536 1431 604 1508 quit
619 1431 683 1488 sine
699 1449 821 1507 corpore
838 1431 949 1508 etipse
965 1450 1028 1488 esse
1043 1430 1176 1500 homine,
1197 1462 1228 1470 —
1249 1424 1311 1486 cicc

150 1534 236 1594 aliud
262 1533 335 1610 quid
360 1534 404 1590 vis
422 1527 530 1607 pocius
554 1534 744 1592 coniunctius
769 1533 796 1591 ei
820 1534 942 1610 fingere.
974 1527 1002 1604 I,
1021 1530 1122 1591 1019:
1148 1526 1212 1588 cclcc
1236 1527 1311 1588 adeo

143 1632 256 1712 potius
272 1655 437 1714 numquam
453 1641 594 1694 concreta
609 1641 737 1696 creasset
754 1637 846 1694 ullam
862 1656 934 1694 rem.
965 1630 1026 1708 IV,
1044 1632 1121 1693 356:
1140 1635 1202 1693 sive
1219 1634 1311 1693 etiam

149 1741 265 1818 potius.
