2886 4998
289 370 464 414 Ablscrlva
489 371 527 414 177
549 371 746 415 PARTIGIPIA.
795 371 972 416 invasam.
1151 351 1209 414 117

55 561 84 619 p.
105 541 158 617 73,
176 545 211 602 8:
232 539 411 622 quadratus
422 543 535 621 poissi.
567 539 607 617 V,
626 543 660 602 1:
678 540 840 623 quispoiis
856 545 910 600 esi.
938 539 985 617 II,
1005 543 1102 603 1089:
1121 565 1211 622 quam

54 667 151 723 genus
171 668 261 707 omne
283 648 364 726 quod
386 648 431 705 esi
448 649 616 725 generatim
633 643 801 705 aben-dans.
835 642 875 719 V,
894 645 971 705 881:
990 653 1124 724 potestas
1140 649 1211 706 hinc

55 751 141 809 illinc
155 751 248 830 pariis
265 757 301 808 ut
316 752 340 809 si
350 767 412 826 par
428 766 490 806 esse
505 752 636 828 potissit.
662 744 715 808 Sic
726 745 862 808 Lachm.
880 766 953 827 pro:
972 751 1084 828 parvis
1100 754 1135 808 ub
1151 770 1212 808 non

56 855 95 912 sic
119 875 186 932 pars
210 874 274 912 esse
299 853 430 932 potissib,
455 847 582 912 dicens:
613 854 678 927 „ub
705 848 850 911 membra
873 847 949 909 hinc
974 845 1049 909 inde
1074 854 1212 930 negares

58 953 177 1034 (pocta)
200 951 272 1035 pari
294 955 464 1035 potestate
489 972 560 1014 esse
584 972 693 1035 posse.
719 950 845 1031 poiissii
870 956 991 1026 autem,
1017 948 1079 1013 nisi
1101 949 1209 1026 fallor,

58 1053 257 1115 coniunctim
286 1053 408 1116 rectius
438 1052 634 1130 scribemus,
665 1052 740 1135 quia
764 1051 797 1114 in
829 1059 962 1115 senatus
994 1052 1144 1116 consulto
1171 1051 1211 1114 dc

59 1155 321 1220 Bacchanalibus
336 1155 425 1219 facio
443 1156 601 1241 scriptum
618 1162 670 1220 esi:
685 1161 755 1220 ubei
770 1161 931 1220 l'acilumcd
941 1161 1077 1237 gnoscier
1086 1155 1210 1235 poiisii,

61 1281 127 1320 non
140 1259 222 1340 peiia
242 1259 316 1320 sici:
342 1266 376 1322 eb
396 1258 472 1320 huic
495 1258 615 1322 similia
630 1265 708 1322 suni
722 1258 853 1340 petisset
869 1258 902 1320 in
918 1257 1107 1343 praeteribo,
1125 1256 1210 1340 quod

61 1383 232 1444 numquam
245 1361 400 1424 scribitur
408 1367 555 1444 patescet,
574 1369 608 1424 et
616 1362 734 1444 poiisse
748 1361 876 1424 infinite
886 1361 1031 1445 positum
1042 1359 1209 1437 aLucilio,

62 1463 89 1526 si
104 1463 200 1526 Nonii
216 1463 385 1527 codicibus
402 1471 534 1526 constat
550 1464 632 1528 fides
647 1487 679 1549 p.
697 1467 772 1542 445,
790 1466 842 1529 31.
865 1464 906 1526 ab
923 1462 973 1526 his
990 1462 1119 1526 diversa
1135 1469 1212 1525 sunt

57 1567 137 1646 potis
158 1589 235 1640 sam,
258 1565 341 1647 potis
367 1587 408 1640 es,
434 1566 514 1646 potis
536 1573 590 1645 esi,
610 1567 702 1648 poiia
725 1573 780 1640 esi,
802 1566 886 1648 potis
906 1573 990 1640 suni,
1012 1564 1095 1646 pitis
1115 1565 1157 1628 sis
1178 1564 1210 1628 in

65 1669 201 1732 Poenulo
219 1668 331 1731 Plauti
346 1669 407 1747 IV,
420 1672 450 1748 2,
463 1672 514 1746 53,
525 1669 610 1750 polis
625 1669 698 1730 siem
714 1668 747 1731 in
763 1670 949 1733 Mercatore
964 1669 1012 1744 II,
1032 1672 1061 1746 2,
1080 1671 1135 1732 59:
1155 1669 1210 1731 sed

59 1772 136 1851 poiis
158 1793 220 1835 esse
245 1778 279 1834 ei
297 1771 382 1852 poiis
406 1778 482 1836 esset
506 1780 563 1834 aui
588 1793 766 1855 numquam
789 1771 857 1856 legi
877 1779 935 1834 aui
955 1794 1021 1834 non
1042 1771 1213 1834 memini.“

66 1875 179 1938 Poiesse
203 1873 406 1938 coniunctim
435 1873 594 1958 scriptum
619 1880 713 1938 extat
736 1875 821 1958 apud
847 1873 1037 1938 Lucretium
1063 1873 1110 1953 II,
1138 1877 1210 1938 225.

67 1979 115 2040 Ad
129 1978 289 2042 adieobiva
304 1977 449 2062 pertinet
466 1976 566 2041 eiiam
581 1999 710 2050 neeesse,
728 1977 816 2060 quod
832 1983 883 2040 esb
899 1985 1053 2040 neutrum
1068 2001 1098 2040 v.
1112 2000 1211 2040 oeces-

51 2081 114 2142 vsis.
142 2081 203 2161 IV,
226 2085 288 2146 516
312 2106 431 2146 necesse
456 2091 511 2146 est.
548 2080 609 2158 VI,
633 2082 694 2143 272
719 2092 877 2144 necessest.
913 2080 1041 2172 Necesse
1065 2087 1108 2143 esi
1134 2080 1210 2142 olim

68 2182 204 2266 impressi
228 2190 264 2248 ei
285 2183 451 2248 Antonius
476 2205 534 2268 pro
559 2188 700 2245 aeoessei.
742 2182 819 2274 Alia
843 2183 948 2247 forma
973 2190 1024 2247 css
1048 2206 1209 2264 necessum,

69 2287 145 2367 quod
165 2293 258 2350 exiab
277 2287 327 2364 II,
347 2289 428 2350 468:
450 2312 505 2350 nec
527 2295 629 2350 tamen
648 2292 723 2350 hacc
745 2293 869 2350 retineri
890 2294 1012 2352 hamata
1032 2294 1212 2350 necessumst

8 2411 9 2418 ¹
70 2388 542 2474 (Exemplariaveberasecessu,
556 2388 642 2472 quod
652 2411 717 2452 non
728 2388 1012 2473 poiesbiniellegi,
1029 2412 1061 2452 v.
1073 2390 1210 2454 Lachm.

71 2491 168 2570 adVi,
180 2495 266 2576 815),
283 2493 363 2555 ibem
373 2492 434 2569 IV,
447 2495 525 2556 121:
543 2499 623 2556 unde
639 2498 739 2556 anima
754 2505 846 2575 atque
861 2498 953 2556 animi
969 2503 1089 2556 consbeb
1104 2503 1213 2558 natura

72 2596 258 2659 necessumst?
287 2618 318 2658 v.
337 2598 411 2658 932.
430 2594 472 2672 V,
492 2598 530 2660 57
553 2601 585 2658 in
607 2621 642 2658 eo
664 2620 755 2677 quam
776 2595 816 2657 sii
832 2600 939 2658 durare
954 2615 1116 2658 necessum.
1149 2596 1209 2674 VI,

71 2698 138 2760 475:
162 2724 230 2762 nam
254 2705 332 2762 racio
352 2697 606 2778 consaepieiaeqsi
626 2704 779 2762 umoribus
802 2703 879 2761 ollis.
916 2720 947 2760 v.
972 2699 1050 2762 879:
1066 2698 1211 2784 fripiclcs

71 2805 107 2860 esi
128 2807 214 2865 eiiam
238 2808 305 2865 fons
331 2805 412 2864 cebb.
449 2799 502 2864 Sic
526 2798 606 2863 Itali
620 2807 664 2871 ,eb
685 2800 864 2862 Brixiensis
890 2800 991 2863 editio
1017 2823 1073 2884 pro
1087 2801 1209 2886 seipas.

70 2899 94 2977 I,
114 2905 151 2966 94
171 2910 205 2967 ci
225 2904 266 2982 V,
290 2907 309 2968 9
332 2909 479 2987 princeps.
516 2903 745 2986 I,119:,quae
770 2905 855 2966 ciero
880 2909 1003 2968 clueret.
1035 2905 1063 2983 I,
1081 2907 1143 2968 956
1160 2929 1209 2987 sq.

71 3006 293 3092 utrumfieiium
309 3012 447 3070 fundibus
464 3031 551 3070 omne
568 3015 696 3083 constes,
713 3032 749 3070 an
766 3006 940 3070 immensum
955 3016 1211 3092 pabeairasteque

67 3109 251 3192 prpaedem.
278 3110 326 3188 ΙΙ,
344 3111 404 3173 279
414 3108 662 3191 praecipitesque
678 3115 751 3192 rapi.
777 3110 824 3188 ΙΙ,
842 3114 921 3174 845:
941 3123 971 3174 et
986 3117 1088 3175 sonitu
1104 3112 1211 3174 sieriia

69 3221 94 3271 ei
115 3237 181 3276 suco
205 3213 311 3275 ieiuno
336 3219 483 3276 feruntur.
513 3210 581 3289 ΙΙΙ,
605 3213 666 3276 997
690 3212 848 3296 tristisque
869 3220 993 3278 recedit.
1030 3214 1208 3290 V1,1196:

67 3319 124 3377 Ncc
137 3322 228 3380 nimio
244 3315 339 3396 ripidi
355 3323 424 3398 posi
439 3323 521 3378 arius
537 3323 634 3379 morie
649 3321 797 3380 iacebanb.
824 3315 877 3378 Sic
892 3338 949 3400 pro
960 3315 1061 3396 cipido
1072 3316 1209 3378 Lachm.

68 3416 223 3481 Aiiracbio
246 3417 376 3500 generis
393 3417 426 3479 in
442 3417 630 3501 praedicato
647 3423 740 3480 extas
750 3418 811 3495 IV,
823 3421 863 3482 19
875 3441 963 3501 sqq.:
981 3444 1081 3482 rerum
1097 3426 1211 3502 effigias

68 3525 215 3603 tenuisque
239 3528 350 3603 figuras
373 3526 491 3584 mitbier
514 3525 551 3584 ab
575 3525 676 3599 rebus,
703 3561 734 3568 -
761 3547 836 3604 quae
856 3529 941 3604 quasi
957 3528 1148 3587 membranae
1163 3531 1213 3588 vel

68 3627 156 3683 aoeies
179 3623 433 3686 comiciieodasi.
470 3622 515 3685 sic
539 3623 706 3686 Antonius
728 3623 824 3686 Marii
850 3631 883 3686 ei
904 3624 1084 3689 Brixiensis
1110 3627 1210 3690 editio

67 3744 116 3804 pro
130 3726 190 3807 qai.

142 3848 169 3890 0.
195 3828 360 3892 Aduerbia.
392 3828 420 3905 I,
438 3832 516 3892 402:
539 3854 642 3893 verum
662 3835 763 3894 animo
784 3830 861 3892 satis
882 3839 956 3896 haec
978 3839 1106 3915 vestigia
1121 3859 1212 3917 parva

68 3937 156 4010 sagaci
179 3937 261 3994 suae.
300 3930 368 4008 ΙΙΙ,
386 3934 447 3994 238
472 3957 527 3996 nco
550 3941 653 3996 ‘samen
675 3940 750 3998 haec
773 3933 850 3996 sciis
874 3942 945 3998 suni
970 3941 1050 3998 ceti.
1082 3936 1130 4014 ΙΙ,
1149 3940 1210 4000 568

69 4037 156 4111 palam
171 4044 226 4097 est.
251 4033 318 4111 ΙΙΙ,
336 4035 413 4097 307:
433 4033 484 4097 Sic
498 4043 655 4100 hominum
671 4061 765 4120 genus
782 4043 836 4099 esi.
864 4062 895 4101 v.
913 4042 973 4102 921
990 4045 1033 4102 sic
1049 4065 1121 4103 esse.
1147 4040 1208 4119 IV,

69 4137 136 4196 489:
162 4163 233 4215 non,
259 4146 294 4199 ut
319 4142 434 4220 opinor,
459 4138 505 4200 iia
531 4144 585 4201 esi.
617 4139 685 4217 III,
703 4142 763 4202 861
789 4140 895 4203 misere
916 4147 941 4204 si
963 4149 1040 4206 forie
1063 4164 1210 4226 cepreque

7 4295 10 4304 ,
69 4235 234 4302 biterrensi.
271 4239 331 4317 IV,
354 4243 416 4304 812
435 4241 567 4321 proinde
591 4263 652 4304 esse
676 4249 761 4324 quasi
786 4251 866 4306 ceti.
902 4268 933 4307 v.
952 4248 1013 4310 856
1034 4251 1139 4332 procul
1155 4255 1209 4309 esi.

69 4337 102 4414 V,
119 4343 198 4406 1157
215 4346 248 4404 id
256 4341 334 4427 sore
349 4343 437 4406 ciam.
470 4344 530 4422 IV,
549 4346 629 4409 1051
647 4351 671 4409 si
688 4347 849 4409 cocanicus
865 4353 919 4410 esi.
952 4349 993 4426 V,
1013 4351 1088 4412 133:
1113 4375 1211 4434 neque
