2932 4966
218 331 278 392 150
589 346 803 392 5555555555.
835 347 908 392 ear.
927 347 999 394 iun.

217 523 386 580 catulorum
404 515 517 578 blenda
531 538 664 598 prepapo
685 554 717 564 -
739 517 867 580 instant.
899 517 941 596 V,
954 522 1016 582 854
1032 528 1198 602 mutuaque
1215 519 1373 580 insinuent

216 625 297 684 inter
318 645 348 682 se
368 624 479 701 gaudia
502 625 635 702 uterque.
669 618 745 682 Alia
765 620 915 704 exempla
934 620 1070 703 pluralis
1086 621 1213 684 numeri
1228 626 1310 682 sunt
1325 619 1371 696 II,

216 725 277 786 501
300 731 508 805 pertorquent,
530 743 561 784 V.
579 721 716 783 Laohm.
742 721 810 800 III,
829 725 885 785 22:
904 729 986 805 large
1002 730 1110 787 diffuso
1127 730 1241 787 lumine
1256 722 1369 784 rident.

216 824 372 886 Lachm.:
390 822 551 901 „deorum
568 823 674 901 sedes,
695 845 760 886 non
776 826 901 903 aether,
924 825 1046 888 lumine
1067 825 1251 890 aetherie.“
1266 824 1369 908 (vulg.

217 926 319 1008 ridet).
353 925 420 1003 III,
438 929 477 989 65
495 948 561 1008 sq.:
583 931 681 1009 turpis
702 932 782 990 enim
799 933 891 990 ferme
907 939 1100 1012 contemptus
1117 939 1148 991 et
1163 934 1239 992 aeris
1255 936 1370 1008 egestas

216 1037 332 1092 semota
350 1034 388 1092 ab
410 1033 492 1092 dulei
513 1035 576 1092 vita
594 1033 757 1111 stabilique
778 1029 931 1092 videatur.
963 1032 1021 1093 L.:
1047 1032 1175 1109 „Reate
1191 1028 1370 1092 Lambinus

216 1130 359 1193 videatur
375 1131 444 1214 (pro
461 1131 608 1212 videturl:
628 1153 702 1194 narn
719 1131 836 1194 Sernota
854 1140 905 1195 est
920 1133 1030 1196 neutri
1045 1131 1214 1215 generie.“
1237 1131 1300 1209 IV,
1312 1133 1369 1193 305

216 1255 264 1314 sq.
283 1238 388 1315 solque
404 1239 469 1316 pari
484 1239 600 1296 ratione
616 1257 736 1297 manere
752 1243 783 1297 et
799 1239 871 1298 luna
887 1235 1074 1299 (5115555515
1091 1241 1232 1313 statione,
1250 1258 1369 1316 eaquae

218 1341 287 1398 ferri
302 1361 348 1399 res
364 1341 480 1399 indicat
494 1341 568 1420 ipsa.
594 1335 650 1397 In:
669 1334 885 1413 „Quadratus
901 1337 1035 1411 videtur,
1053 1338 1140 1421 quod
1155 1337 1369 1420 interpretum

217 1436 336 1500 levitas
353 1437 517 1521 patienter
532 1438 669 1500 tolerat:
693 1437 793 1500 debet
814 1459 885 1502 esse
901 1439 1056 1514 videatur,
1075 1461 1148 1503 oum
1166 1445 1323 1521 sequatur
1338 1463 1368 1500 ea

216 1563 292 1623 quae
313 1546 383 1603 ferri
403 1565 449 1603 res
472 1545 587 1604 indicat
606 1545 701 1623 ipsa.“
731 1540 773 1618 V,
793 1543 853 1604 ⁷82
873 1541 987 1604 crerint
1002 1540 1140 1604 Iiaohm.
1164 1564 1222 1626 pro
1246 1540 1367 1602 credaut

217 1640 345 1726 (Lamb.
364 1643 514 1725 tentarit),
538 1641 649 1705 dieens
670 1642 830 1725 pluralem
852 1665 1020 1707 numerum
1040 1644 1146 1727 magis
1168 1665 1240 1707 esse
1257 1665 1297 1706 ex
1311 1664 1365 1704 usu

216 1743 373 1806 Lucretii.
411 1744 454 1822 V,
474 1748 556 1808 1048
573 1767 640 1827 sq.:
664 1750 746 1808 unde
766 1750 838 1809 data
856 1756 902 1810 est
924 1753 994 1810 huie
1016 1753 1113 1830 prima
1133 1756 1278 1831 potestati,
1299 1749 1365 1827 quid

216 1853 319 1924 vellet,
342 1853 438 1910 faeere
454 1856 490 1910 ut
504 1847 617 1910 seirent
639 1853 799 1930 animoque
819 1848 966 1911 viderent.
999 1848 1052 1911 Sia
1069 1849 1234 1912 Aventius
1251 1847 1364 1932 optime

216 1972 274 2033 pro
295 1949 386 2012 eoiret
408 1956 442 2012 et
461 1949 587 2028 videret,
612 1949 741 2014 seilicet
761 1956 910 2033 potestas
933 1949 1075 2015 faciendi
1096 1959 1134 2015 55
1156 1951 1280 2015 seirent
1295 1948 1363 2032 quid

215 2051 330 2116 vellet.

302 2159 332 2219 2.
350 2154 505 2217 Personae
514 2154 607 2217 verbi.
635 2155 786 2219 Secunda
799 2177 938 2239 persona
954 2156 1129 2238 singularis
1140 2155 1267 2220 n'umeri
1277 2175 1361 2237 saepe

215 2257 415 2340 generaliter
435 2257 568 2341 ponitur
588 2281 646 2342 pro
670 2257 795 2341 quavis.
833 2258 887 2322 Sie
907 2259 969 2337 VI,
994 2263 1070 2324 168:
1094 2265 1217 2324 caedere
1238 2266 1262 2322 si
1283 2282 1360 2340 quem

216 2365 343 2442 ancipiti
374 2360 479 2421 videar
507 2365 585 2424 ferro
609 2368 715 2443 procul
739 2366 852 2425 arboris
877 2372 1009 2426 anetum.
1050 2362 1103 2424 Sic
1128 2361 1289 2425 Marullus
1311 2379 1358 2442 pro

129 2499 134 2508 =
219 2463 331 2524 videat.
372 2460 553 2524 Brixiensis
579 2461 680 2526 editio
710 2463 840 2543 ane-ipita'
870 2464 1006 2527 rideant.
1048 2489 1080 2528 v.
1108 2467 1206 2528 1170:
1233 2469 1276 2527 nil
1298 2467 1359 2524 adeo

212 2587 316 2646 1555555
326 2572 466 2648 cuiquam
476 2571 541 2628 leve
551 2575 702 2649 tenveque
712 2572 853 2630 membris
863 2575 980 2630 vertere
989 2574 1021 2630 in
1031 2574 1208 2631 utilitatem.
1233 2563 1357 2628 Omnino

219 2667 303 2730 male
319 2666 500 2731 Lambinus
516 2673 631 2748 posset.
663 2667 725 2745 IV,
745 2670 804 2731 170
826 2675 926 2733 rearis.
957 2670 998 2733 In
1020 2669 1104 2732 libro
1125 2669 1188 2747 VI,
1207 2673 1265 2732 251
1288 2669 1356 2749 (loeo

219 2769 362 2852 gemino)
377 2795 503 2833 reamur.
529 2768 569 2831 L.
586 2769 695 2846 „nihil
710 2769 865 2858 interest:
884 2772 942 2834 sed
958 2771 1012 2834 vix
1029 2772 1126 2835 eredo
1143 2778 1273 2856 politam
1288 2771 1356 2831 hane

218 2871 488 2954 inaequalitatem
498 2871 689 2935 relieturum
700 2871 812 2951 fuisse,
823 2873 851 2934 si
861 2895 991 2937 carmen
1001 2896 1096 2937 suum
1106 2874 1176 2958 ipse
1188 2872 1356 2936 edidisset.“

218 2975 280 3052 IV,
298 2977 359 3037 361
383 2980 419 3037 fit
443 2981 528 3056 quasi
552 2987 587 3037 ut
611 2982 649 3038 ad
673 2985 796 3040 tomum
817 3001 955 3040 saxorum
975 2987 1091 3040 strueta
1106 2981 1230 3038 tuemur
1245 2970 1356 3058 scripsit

219 3077 451 3144 Lachmannus
467 3098 525 3162 pro
542 3083 682 3150 tuantur,
701 3078 789 3160 quod
804 3101 870 3141 non
887 3078 990 3142 habet
1006 3101 1069 3161 quo
1085 3078 1258 3142 referatur.

564 3337 607 3391 V.
642 3334 818 3406 Syntaxis
836 3335 1033 3393 adieetivl.

706 3529 777 3606 Cap.
801 3530 889 3588 XIII.

307 3720 336 3758 a.
361 3695 415 3757 Ad
433 3694 538 3757 subet.
558 3716 700 3757 5555555
715 3692 915 3756 adieetivum
932 3693 1121 3776 negativum
1139 3692 1281 3756 eiusdem
1296 3688 1354 3751 stir-
1431 3687 1432 3708 ¹

223 3799 272 3884 pis
297 3797 449 3881 adiungit
470 3797 644 3880 Lueretius
666 3797 713 3874 II,
737 3799 834 3861 1054:
861 3823 986 3861 numero
1011 3804 1177 3861 innumero.
1208 3794 1273 3871 III,
1293 3794 1353 3856 77οι

222 3909 381 3966 innumero
390 3926 525 3966 numero.
546 3899 594 3977 II,
608 3903 705 3964 1086:
723 3921 844 3962 aeriorem
854 3905 950 3980 magis
960 3899 1156 3976 innumerali,
1175 3894 1353 3960 5511515551.
1431 3937 1432 3942 κ

223 4004 326 4089 paral.
343 4029 374 4088 p.
394 4008 466 4068 230.
494 4002 695 4067 Aeeusativo
711 4002 820 4064 neutri
835 4001 965 4083 generis
981 4023 1131 4064 55555555
1147 3999 1227 4062 mire
1243 3996 1354 4062 adieeti-
1431 3989 1432 3996 ἵ

224 4130 301 4171 vum
326 4107 454 4171 addidit
478 4103 652 4168 Lueretius
677 4105 723 4181 II,
743 4108 869 4186 55951.
896 4111 947 4167 sed
972 4129 1009 4168 ne
1033 4129 1117 4167 mens
1141 4110 1206 4186 ipsa
1230 4122 1354 4164 55555555

226 4210 402 4272 intestinum
425 4215 536 4273 habeat
559 4213 676 4271 eunetis
701 4213 732 4269 in
756 4212 845 4270 rebus
869 4213 993 4288 agendis
1014 4212 1107 4281 cett,
1134 4227 1165 4267 v.
1183 4204 1310 4268 Laehm.
1324 4201 1353 4264 ad
1431 4279 1432 4288 ¹

227 4313 287 4391 VI,
319 4315 391 4375 815.
436 4311 567 4397 Duplex
595 4308 795 4373 adieetivum
824 4308 1032 4371 substantivo
1062 4307 1249 4393 appositum
1275 4305 1352 4370 habes
