2944 4968
445 407 718 450 rsumosrrrouus
743 407 810 450 eun
833 407 906 450 ssi..
1210 389 1250 451 59

77 585 246 640 necessest
261 581 398 640 funditus
419 581 484 659 ipso
498 581 578 658 ignis
594 600 719 659 corpora
738 614 768 622 —-
790 599 978 658 consurgere.
1008 597 1040 637 v.
1059 577 1137 638 908:
1161 601 1250 658 quem

77 687 241 760 Magneta
255 683 363 740 uocaut
372 677 480 758 patrio
496 678 533 740 ὥσ
548 677 667 740 ucmluc
683 684 763 742 Grai.
792 701 825 741 v.
844 681 942 742 1101:
961 678 999 740 ὥσ
1014 683 1096 740 terra
1111 687 1250 760 surgunt.

179 781 214 863 b)
238 779 512 863 significationem
534 779 637 843 hebet
655 780 856 864 partitivum.
873 780 937 858 „IL
955 783 1032 844 104:
1054 789 1085 844 st
1101 790 1199 844 cetera
1215 781 1252 843 ὥσ

76 903 201 964 genere
215 891 324 948 horum
339 889 476 967 pauculo.
507 906 539 946 v.
558 884 636 948 183:
660 908 740 946 nunc
761 890 793 947 id
809 889 891 967 quod
906 909 995 967 super
1011 891 1057 948 est
1072 884 1109 946 ὥσ
1123 883 1252 946 ructibus

83 991 296 1069 expediemus.
318 1008 349 1049 v.
362 988 440 1050 43οι
458 990 556 1050 fecula
571 990 630 1049 ism
646 1007 703 1070 quo
719 986 757 1047 ὥσ
770 1008 882 1065 ρσσσσσσ
898 991 1250 1069 estinulsequescpores.

82 1089 159 1167 III,
177 1092 259 1153 481:
278 1098 377 1153 cetere
392 1089 429 1152 ὥσ
442 1109 553 1169 seuere
567 1090 632 1152 loc.
655 1111 686 1151 v.
706 1091 785 1152 852:
803 1094 847 1152 nil
867 1127 898 1136 -
919 1088 1068 1152 deuotis.
1091 1087 1153 1166 IV,
1172 1091 1249 1152 145:

84 1217 212 1276 semper
228 1198 309 1256 enim
324 1217 474 1256 summum
485 1196 630 1274 quicquid
646 1191 785 1254 derebus
800 1196 944 1256 abundat.
961 1214 992 1254 v.
1004 1194 1082 1254 462:
1101 1197 1200 1253 cetera
1215 1191 1252 1253 ὥσ

80 1296 263 1376 ρσσσσσῶσσ
272 1301 388 1359 mirscli
397 1300 495 1358 mults
509 1300 656 1358 videmus.
672 1316 705 1356 v.
718 1296 794 1357 590:
813 1300 911 1357 cetera
927 1294 964 1356 ὥσ
974 1315 1085 1376 genere
1100 1294 1154 1355 loc
1168 1317 1252 1356 mon·

86 1407 154 1462 stre
168 1423 203 1461 sc
220 1407 361 1481 portenta
377 1402 543 1481 loquentur
556 1395 748 1480 (Brixiensis
764 1395 865 1459 editio
876 1396 1043 1460 Praeterea
1053 1396 1251 1476 νσσσισσσῶοσ).

87 1499 221 1563 Eodem
242 1499 340 1563 modo
361 1499 403 1576 V,
428 1502 488 1563 845
505 1499 621 1575 {Cetera
646 1500 682 1560 ὥσ
698 1520 808 1579 ycueuc
826 1500 881 1562 loc
901 1508 1036 1562 monstro
1055 1523 1089 1562 so
1110 1508 1253 1581 portentu

89 1608 224 1667 creabat.
240 1601 303 1680 IV,
317 1605 392 1667 744:
410 1611 510 1668 cetere
519 1608 556 1667 de
566 1625 675 1684 genere
685 1609 751 1665 hoc.
769 1602 842 1664 832.
862 1603 957 1665 1170.
975 1600 1038 1678 VI,
1050 1604 1123 1666 944.
1141 1600 1184 1680 V,
1196 1603 1249 1666 37:

89 1712 193 1768 cetera
214 1705 251 1768 ὥσ
262 1727 373 1785 seuere
388 1706 442 1768 loc
461 1730 537 1788 quse
558 1714 630 1768 sunt
645 1713 787 1787 portenta
802 1713 967 1787 perempto.
992 1726 1023 1766 v.
1043 1705 1116 1767 164.
1139 1726 1170 1766 v.
1189 1705 1251 1767 893

90 1814 126 1871 et
143 1810 244 1872 1449:
262 1813 361 1870 celcra
378 1808 415 1870 ὥσ
425 1828 536 1888 gruere
550 1814 667 1872 horum.
694 1806 755 1886 VI,
772 1810 851 1871 676:
869 1812 970 1870 omnis
985 1806 1022 1868 ὥσ
1032 1827 1143 1888 ισσσισσσ
1159 1807 1251 1870 cust.

179 1911 209 1991 c)
226 1908 348 1974 dicitur
363 1909 404 1974 de
414 1910 551 1992 origine.
569 1910 599 1988 I,
612 1911 689 1974 157:
707 1915 752 1974 nil
768 1935 853 1994 posse
870 1915 963 1973 creari
979 1909 1017 1972 ὥσ
1031 1909 1108 1974 uilo.
1125 1933 1158 1974 v·
1172 1913 1250 1975 150:

89 2021 173 2078 Nem
192 2019 218 2077 si
234 2013 270 2075 ὥσ
285 2011 350 2075 ullo
365 2018 481 2078 fierent.
507 2035 539 2077 v.
557 2015 634 2076 180:
652 2019 733 2096 quod
749 2019 773 2076 si
790 2013 827 2074 ὥσ
842 2012 906 2075 ullo
920 2019 1037 2078 fierent.
1062 2036 1094 2076 v.
1114 2015 1191 2078 205:
1208 2019 1253 2078 nil

90 2123 188 2199 igitur
201 2121 266 2180 fieri
283 2115 399 2180 deuito
415 2141 501 2199 posse
517 2121 714 2180 fatendumst.
730 2138 762 2178 v.
776 2118 852 2178 266:
871 2122 964 2180 creari
979 2116 1017 2178 ὥσ
1031 2115 1107 2179 ullu.
1125 2139 1156 2178 v.
1171 2119 1249 2180 542:

92 2221 130 2282 cle
145 2219 270 2302 ulloque
285 2225 393 2281 reuutu
410 2225 519 2282 forent.
551 2240 583 2281 V.
602 2221 679 2282 544ι
697 2223 741 2282 nil
756 2243 843 2303 posse
859 2218 958 2280 σσσσσῶ
974 2219 1011 2281 ὥσ
1026 2219 1102 2281 ullo.
1126 2241 1157 2281 v.
1170 2220 1249 2283 674:

93 2324 130 2386 ὥσ
150 2322 275 2407 ulloque
296 2331 401 2386 renate
415 2329 551 2404 vigescat
566 2327 652 2404 copia
667 2345 776 2386 rerum.
807 2343 839 2384 v.
859 2323 936 2385 757:
955 2321 992 2383 ὥσ
1007 2321 1131 2405 ulloque
1147 2331 1252 2386 renate

93 2432 243 2508 vigescere
259 2431 463 2509 copiarerum.
480 2447 512 2488 v.
525 2427 603 2487 836:
622 2424 658 2486 ὥσ
666 2423 823 2506 pausillis
839 2432 930 2507 etque
946 2423 1072 2486 minutis
1087 2423 1252 2487 cucullus

94 2535 191 2593 viscus
209 2534 295 2611 gigni
315 2567 347 2576 -
371 2537 469 2611 putat.
500 2551 532 2590 v.
551 2529 628 2590 840:
646 2528 683 2589 ὥσ
699 2526 789 2589 terris
804 2535 915 2590 terrem
932 2549 1119 2591 concrescere
1128 2527 1249 2608 parcis.

95 2655 126 2696 v.
140 2635 217 2694 858:
235 2637 327 2695 creari
344 2631 472 2693 (lc'ullc.
494 2629 633 2708 11,287:
651 2630 687 2692 ὥσ
703 2629 767 2692 ullo
783 2635 926 2713 quonium
941 2635 1005 2692 fieri
1020 2635 1065 2693 nil
1074 2655 1161 2713 posse
1170 2636 1252 2694 vide·

94 2761 167 2799 mus.
198 2756 230 2796 v.
249 2736 328 2797 389:
346 2738 405 2798 nisi
421 2739 544 2797 luminis
560 2738 614 2796 illo
628 2738 745 2796 minora
761 2757 886 2816 corpore
900 2740 972 2796 sunt
987 2757 1077 2815 quem
1093 2732 1252 2816 dequibus

95 2848 140 2902 est
153 2843 252 2921 liquor
267 2843 363 2901 almus
379 2862 533 2920 aquarum.
554 2858 585 2900 v.
600 2838 675 2900 ⁷33:
693 2835 780 2916 uiyro
797 2836 833 2898 ὥσ
848 2835 960 2898 semiue
976 2844 1056 2900 nats.
1072 2857 1104 2898 v.
1119 2836 1195 2899 791:
1214 2841 1252 2900 de

95 2946 186 3022 nigris
194 2941 380 3023 (creentur).
398 2962 431 3004 v.
441 2941 512 3005 793:
526 2939 980 3003 exorienturcsudidscleuullu
999 2961 1031 3002 v.
1042 2941 1252 3021 824etnigros

95 3050 157 3108 fieri
165 3043 251 3124 nigro
262 3043 299 3106 ὥσ
308 3042 420 3106 semiue
430 3067 548 3126 cycnos.
569 3065 601 3105 v.
614 3045 692 3107 872:
704 3047 806 3106 videre
816 3047 889 3105 licet
898 3047 982 3106 vivos
996 3048 1122 3108 existere
1137 3067 1253 3106 vermes

97 3153 220 3210 stercore
231 3146 268 3208 ὥσ
277 3151 386 3209 taetro.
410 3168 442 3208 v.
455 3148 532 3210 975:
545 3151 628 3228 quid,
638 3171 734 3228 genus
745 3151 911 3211 humanum
921 3151 1081 3230 propritim
1098 3147 1135 3208 ὥσ
1150 3145 1252 3228 quibu'

87 3247 261 3334 factumst?
293 3271 324 3312 v.
343 3251 422 3312 999:
445 3251 482 3312 ὥσ
498 3255 581 3312 terra
597 3254 679 3333 quod
694 3255 754 3312 fuit
769 3258 849 3312 ente.
880 3248 947 3326 III,
975 3249 1053 3312 278:
1080 3248 1253 3328 corporibus

98 3358 165 3435 quis
174 3352 323 3432 depascis
332 3351 505 3436 paucisque
516 3358 660 3416 crectcst.
677 3375 709 3415 v.
724 3353 801 3415 750:
819 3375 907 3415 canes
917 3350 1061 3436 Hyrccuo
1077 3351 1113 3412 ὥσ
1128 3351 1252 3413 scutiucs

97 3450 156 3532 IV,
174 3456 272 3518 1225:
298 3460 545 3538 quandoquidem
571 3461 634 3519 nilo
659 3461 755 3537 magis
779 3461 853 3518 haec
878 3455 915 3516 ὥσ
938 3452 1050 3516 semiue
1071 3458 1151 3516 certo
1174 3460 1253 3518 fiunt

100 3583 182 3641 quam
203 3563 292 3622 socies
315 3567 347 3623 et
369 3583 492 3640 corpora
506 3563 702 3642 membraque
717 3564 814 3623 nobis.
847 3556 900 3620 Sic
917 3555 1084 3620 Antonius
1101 3555 1198 3620 Marii
1215 3563 1250 3619 et

99 3660 266 3738 Marullus,
290 3662 352 3724 hoc
370 3665 422 3723 est
438 3666 496 3722 aut
511 3659 598 3724 virili
615 3667 673 3723 aut
689 3659 853 3725 muliebri.
886 3683 917 3723 v.
936 3661 1035 3725 1227:
1060 3670 1091 3725 et
1106 3666 1253 3732 muliebre

100 3770 189 3828 oritur
197 3762 303 3843 patrio
314 3764 351 3826 ὥσ
360 3762 473 3825 semiue
482 3770 622 3828 saeclum.
639 3786 671 3827 v.
685 3766 783 3827 1229:
802 3788 919 3846 semper
929 3769 1008 3828 enim
1018 3775 1122 3848 partus
1133 3762 1252 3845 duplici

101 3867 134 3928 ὥσ
142 3865 249 3930 semiue
259 3874 387 3930 constat.
411 3865 453 3943 V,
467 3868 545 3931 279:
563 3872 639 3930 haut
648 3872 744 3948 igitur
755 3875 851 3931 cesset
860 3871 947 3948 gigni
961 3867 998 3928 ὥσ
1013 3867 1110 3929 retus.
1134 3889 1165 3929 v.
1177 3870 1251 3930 449ι

101 3975 148 4033 sed
162 3994 237 4033 nove
251 3977 417 4052 tempestas
434 3975 581 4052 quaedam
597 3975 752 4052 molesque
776 3978 882 4034 coorts
898 3994 986 4034 omne
1005 3993 1100 4050 genus
1116 3969 1153 4031 ὥσ
1165 3969 1253 4050 priu-

102 4072 193 4153 cipiis.
225 4071 431 4136 Sio'Lschm.
448 4094 507 4156 pro
524 4072 698 4153 ouculqeuus
714 4073 842 4154 epriuc.
875 4072 936 4150 VI,
956 4075 1035 4136 290:
1058 4095 1114 4156 quo
1131 4073 1168 4135 ὥσ
1182 4093 1251 4135 cou-

102 4197 180 4238 cussu
194 4181 332 4259 sequitur
347 4181 445 4258 gravis
461 4181 558 4240 imber
572 4186 604 4240 et
619 4181 703 4240 uber.

178 4277 210 4362 d)
234 4277 275 4341 de
290 4284 451 4364 tempore.
482 4279 531 4357 II,
551 4283 628 4343 265:
646 4285 684 4344 de
700 4285 811 4359 subito,
827 4277 909 4344 item
924 4277 992 4358 III,
1011 4280 1084 4343 643.
1111 4276 1153 4354 V,
1172 4279 1249 4340 651:

103 4382 135 4444 ὥσ
149 4382 232 4461 leupo
248 4403 337 4446 cursu
353 4388 399 4448 sol
414 4388 525 4448 ultimo
539 4388 614 4448 eseli
630 4388 762 4465 impulit.
