2886 4998
424 417 697 462 eanneosnuonns
721 417 789 461 onu
812 418 885 461 nen.
1032 483 1036 492 Ι
1192 397 1231 460 63

4 585 19 620 ‘³
33 593 174 650 -ardon
195 607 226 649 v.
241 589 318 651 637:
338 591 474 650 emundi
490 587 673 648 brouwerus
683 586 826 668 partibus
841 624 872 632 -
879 588 990 671 fluere.
1012 587 1230 670 v1,312sq.=

51 691 227 774 confluere
247 712 284 752 ca
302 691 368 772 espec
388 698 516 775 possunt
536 696 687 754 elemento
706 696 834 773 vaporis,
857 698 889 753 et
908 695 997 753 simul
1019 711 1055 752 ec
1073 690 1133 753 illa
1157 715 1233 773 quae

5 821 6 826 ¹
22 814 29 832 ⁴
50 803 137 856 tum
148 819 197 857 res
208 801 320 876 excipit
332 801 437 858 ictum.
463 816 493 856 v.
507 797 607 857 1002:
625 799 716 857 fluere
727 818 761 856 ox
771 798 871 876 lapide
881 799 948 856 hoc.
965 792 1026 870 IV,
1040 796 1116 856 215:
1134 800 1234 875 imago

51 903 205 960 aetheris
222 919 258 959 ea
279 898 340 960 orda
354 904 387 960 in
402 907 550 960 terrarum
565 895 688 958 accidat
704 921 778 959 oras.
811 896 852 973 V,
871 898 948 958 609:
966 895 1155 958 occiderem
1169 918 1233 958 aaa

4 1011 28 1042 ’··’
52 999 213 1062 scintilla
238 1007 387 1065 incendia.
427 1000 489 1078 IV,
517 1002 594 1064 2⁷3:
621 1005 719 1063 multa
741 1005 874 1080 facitque
898 1003 971 1061 foris
995 1020 1031 1060 ec
1050 998 1177 1060 cedibus
1198 1007 1233 1062 ut

5 1113 25 1136 '²
51 1108 242 1166 videantur.
259 1127 292 1166 v.
301 1106 363 1168 312
374 1125 388 1166 e
398 1103 530 1166 tenebris
539 1139 571 1149 -
582 1127 658 1185 quae
668 1110 740 1166 sunt
749 1107 781 1164 in
791 1107 858 1164 luce
867 1110 997 1165 tuemur.
1014 1123 1044 1163 v.
1055 1103 1117 1164 848
1130 1126 1145 1164 e
1156 1107 1231 1164 luce.

19 1221 30 1254 ἰ
52 1227 100 1267 v.
120 1208 202 1270 374:
227 1207 378 1287 ereya'one
393 1208 496 1269 eadem
512 1233 566 1271 noe
581 1230 676 1289 usque
692 1213 803 1268 secuta.
834 1203 896 1280 VI,
914 1207 991 1268 3442
1014 1227 1083 1266 nam
1104 1209 1177 1267 facit
1199 1213 1233 1267 ut

4 1325 17 1340 ”
53 1333 149 1390 quae
175 1315 237 1372 sint
261 1315 343 1373 illius
367 1316 489 1374 seminis
514 1335 642 1393 cumque
668 1329 684 1370 e
707 1307 828 1388 reqioae
852 1312 952 1369 locum
977 1312 1061 1390 quasi
1085 1312 1116 1370 in
1138 1333 1233 1371 unum

3 1425 27 1464 ε’·
55 1421 183 1475 cuncta
198 1419 342 1476 ferantur.
359 1436 391 1476 v.
406 1415 482 1476 742:
501 1433 516 1474 e
531 1412 652 1493 reqioae
668 1437 702 1475 ea
717 1415 799 1494 quod
815 1415 880 1473 loca
896 1433 964 1472 cum
977 1434 1086 1473 venere
1095 1415 1232 1474 volantes

3 1544 27 1568 ·.·
57 1521 154 1576 cett.
181 1538 213 1578 v.
232 1518 313 1580 823:
329 1525 365 1579 ut
381 1522 469 1578 cedat
485 1537 500 1578 e
515 1515 636 1596 racione
651 1520 718 1577 loci.
749 1536 781 1575 v.
799 1515 877 1576 833:
904 1518 988 1575 cuius
1007 1517 1092 1576 ubie
1113 1513 1232 1593 racione

57 1625 132 1682 loci
147 1645 265 1683 venere.
286 1618 347 1697 IV,
360 1621 437 1682 536:
457 1624 597 1682 detrahat
612 1639 649 1681 ec·
662 1655 693 1664 -
708 1617 810 1678 nerana
825 1640 859 1678 ac
874 1614 990 1676 viribus
1006 1615 1092 1695 aptio.
1110 1637 1142 1677 v.
1155 1619 1227 1679 545:

5 1735 25 1778 δ·
58 1721 162 1783 tortia
187 1721 376 1784 convallibus
400 1743 437 1783 cc
459 1727 617 1786 Heliconis
643 1701 682 1767 -Ι
702 1725 819 1783 tollunt
843 1755 874 1766 —
895 1723 1069 1798 querellam.
1101 1741 1132 1781 v.
1152 1720 1227 1782 720:

3 1849 17 1882 ε
55 1829 169 1888 exitus
188 1845 224 1884 ec
240 1823 336 1886 ecclic
352 1830 429 1888 liber
444 1831 542 1888 datur.
567 1847 598 1886 v.
617 1825 694 1886 928:
713 1848 748 1886 ex
764 1827 829 1903 igni
844 1845 932 1884 caeco
948 1837 1136 1904 consurgere.
1166 1820 1228 1900 vl,

55 1930 148 1992 474:
168 1928 278 2010 eoqleo
294 1947 472 2008 consumere
486 1927 612 1990 momine
627 1932 724 2010 ponti.
740 1948 772 1989 v.
784 1925 862 1988 476:
872 1924 984 2008 flantia
997 1925 1229 1986 onomatica*-

4 2055 17 2090 ,·.·
54 2051 193 2110 caruere
221 2067 252 2076 -
282 2035 407 2094 nebulas
435 2068 467 2078 -
502 2031 647 2093 videmus.
689 2027 750 2106 VI,
775 2030 838 2091 499
869 2034 966 2090 multa
993 2033 1083 2091 simul
1111 2034 1229 2091 vincam

2 2135 11 2145 ”
57 2155 247 2214 consurgere
267 2138 398 2196 nubibus
418 2138 490 2216 ipsis
511 2133 646 2195 omnibns
667 2153 703 2194 aa
724 2131 822 2194 robae.
854 2152 885 2194 v.
907 2131 984 2194 788:
1009 2136 1134 2209 scilicet,
1155 2138 1228 2195 haec

3 2261 15 2300 :r
55 2243 138 2300 ideo
158 2236 248 2298 tenu
271 2257 306 2298 ea
327 2241 428 2299 omnia
443 2242 581 2316 aaronita.
614 2234 675 2312 IV,
695 2236 793 2298 1032:
812 2239 997 2297 conveniunt
1018 2271 1048 2280 -
1070 2259 1225 2317 ecorpore

1 2372 14 2403 n
58 2323 208 2422 quodam.
248 2340 289 2416 V,
317 2343 393 2404 599:
425 2365 460 2404 ex
489 2344 570 2402 omni
599 2344 713 2402 mundo
743 2329 773 2385 —‘
804 2342 997 2401 conveniunt.
1036 2336 1099 2414 IV,
1126 2341 1225 2403 1087:

1 2472 4 2506 1
58 2441 265 2504 Sollicitatur
279 2447 311 2504 id
328 2443 454 2505 enchi-c.
479 2441 533 2504 Sic
543 2442 680 2505 Lachm.
699 2461 757 2523 pro
772 2438 858 2501 nobie
870 2438 925 2501 vel
935 2438 1071 2502 iacebis.
1093 2441 1135 2518 V,
1148 2443 1225 2504 162:

2 2580 5 2611 ε
59 2550 232 2608 sollicitare
256 2552 317 2609 suis
341 2583 383 2592 —-
408 2570 443 2609 ex
468 2549 597 2608 sedibus.
638 2543 699 2620 IV,
726 2545 825 2606 1040:
857 2563 892 2602 ea
921 2541 1038 2602 homine
1062 2551 1227 2607 humanum
1276 2607 1278 2612 ,

59 2673 171 2712 semen
182 2654 241 2712 ciet
251 2653 451 2712 unahominis
461 2653 515 2710 vis.
532 2669 564 2709 v.
577 2649 674 2709 1094:
694 2667 729 2706 ea
738 2650 869 2709 hominis
879 2646 1047 2730 verofaoa‘e
1056 2647 1226 2728 pulcraque

2 2785 8 2816 ,·
60 2751 168 2813 colore
189 2757 233 2814 nil
257 2757 347 2815 datur
370 2758 402 2815 in
427 2775 534 2833 corpus
556 2758 675 2834 praeter
694 2754 854 2812 simulacra
874 2753 1044 2813 fruendum.
1075 2772 1107 2811 v.
1125 2751 1223 2812 1210:

2 2903 5 2923 1,
60 2853 190 2916 nonnanis
215 2875 250 2915 ea
272 2853 384 2916 ntribn'
408 2859 550 2916 tendunt.
581 2875 613 2916 v.
633 2854 716 2916 1249
741 2871 777 2912 ea
801 2851 935 2934 olii-uque
956 2859 1127 2936 succipiunt
1150 2857 1225 2916 aliae

60 2963 186 3040 pondus
206 2963 311 3038 magis.
350 2955 465 3033 V,11:
493 2961 605 3038 quique
625 2980 679 3038 per
698 2964 795 3017 artem
808 2953 958 3039 fluctibus
980 2974 996 3015 e
1015 2955 1112 3017 tantia
1130 2962 1226 3018 vitam

2 3091 5 3127 ι
62 3061 224 3142 tosata'aque
245 3058 376 3121 tenebris
395 3065 427 3122 in
447 3066 510 3121 tam
529 3063 696 3141 tranquillo
721 3093 752 3104 —
779 3062 900 3120 locavit.
932 3081 964 3120 v.
982 3060 1037 3120 20:
1063 3057 1166 3141 (deus)
1189 3080 1225 3120 eu

62 3185 121 3248 qao
142 3187 223 3226 nunc
239 3168 330 3226 etiam
346 3199 388 3208 —-
403 3167 593 3245 permulcent
608 3166 723 3223 animos
739 3166 857 3224 solacia.
888 3182 920 3222 v.
938 3163 994 3222 49:
1013 3183 1049 3222 ea
1065 3162 1224 3244 animoque

2 3297 3 3300 ¹
63 3271 225 3349 expulerit.
248 3288 280 3328 v.
293 3267 372 3328 303:
391 3286 427 3326 ea
443 3264 506 3326 ah'o
523 3273 614 3346 atque
631 3263 694 3326 ala‘o
712 3268 811 3326 lucem
825 3269 936 3326 iactare
946 3263 1081 3325 autberto.
1103 3285 1135 3326 v.
1147 3265 1221 3326 322:

62 3375 138 3432 alias
156 3389 299 3431 execres
315 3377 415 3449 auget.
436 3389 468 3430 v.
487 3369 564 3430 387:
584 3373 685 3430 omnia
699 3372 846 3429 diluviare
862 3387 898 3428 cc
913 3367 977 3428 olto
989 3366 1111 3447 caryota
1125 3373 1222 3450 ponti.
1242 3386 1243 3389 ’

64 3495 96 3534 v.
109 3475 187 3534 566:
205 3470 312 3554 quibua
322 3470 457 3551 caputiis
467 3495 595 3553 cumque
605 3475 690 3552 ignes
700 3475 816 3533 lumina
825 3477 952 3552 possunt
961 3473 1086 3533 adicere.
1104 3491 1134 3533 v.
1148 3474 1220 3534 615:

65 3573 217 3636 aectioiee
225 3573 370 3652 partibas
384 3611 415 3621 —
429 3579 518 3637 adeat
531 3579 624 3637 flexus
635 3573 720 3656 (sol).
737 3595 770 3635 v.
783 3575 859 3636 663:
879 3571 983 3634 Idaaia
997 3610 1028 3618 -
1045 3594 1059 3634 e
1075 3574 1224 3637 montibus

67 3676 142 3739 olbia
157 3713 198 3723 -—
214 3680 293 3757 ignis
308 3713 340 3722 -
355 3681 445 3739 cerni.
475 3699 506 3738 v.
519 3678 596 3739 929:
615 3701 670 3740 nec
686 3681 773 3739 facile
789 3695 825 3736 eo
840 3680 927 3736 aecta
942 3675 1127 3760 neosriqore
1142 3683 1223 3760 qnod

65 3789 231 3862 caperetur.
262 3801 294 3841 v.
312 3781 389 3842 949τ
413 3778 520 3863 quibas
541 3800 557 3841 e
572 3785 689 3842 scibant
704 3783 811 3842 umori’
826 3784 941 3842 fluenta
955 3783 1071 3842 lubrica
1086 3786 1222 3862 proluvie

66 3887 149 3965 larga
164 3889 262 3946 lavere
277 3887 381 3945 umida
395 3907 473 3946 saxa.
490 3905 522 3944 v·
535 3884 635 3945 1138:
653 3887 783 3965 sapiunt*
791 3880 892 3943 alieno
908 3902 945 3943 ea·
959 3901 1020 3944 ore.
1042 3881 1102 3961 VI,
1115 3886 1172 3946 32:
1191 3893 1223 3947 et

67 3984 173 4068 quibua
188 4005 203 4046 e
212 3985 314 4065 portic
331 3991 446 4049 occurri
462 3971 570 4068 cuique
586 3991 715 4049 deceret.
740 4006 772 4046 v.
786 3987 864 4047 1452
883 4005 899 4046 e
913 3984 987 4046 caba
1001 3990 1034 4047 in
1049 3989 1161 4048 nubem
1177 3989 1221 4047 vis

67 4093 175 4151 incidit
195 4093 312 4151 ardens.
343 4110 374 4151 v.
394 4092 469 4151 148:
493 4097 530 4152 ut
551 4093 656 4153 calidis
679 4092 809 4151 candens
825 4094 937 4152 ferrum
953 4108 968 4148 e
977 4086 1164 4171 fornacibus
1185 4123 1215 4134 —

68 4195 176 4253 stridit.
198 4214 230 4253 v.
244 4193 321 4254 273:
339 4200 370 4255 et
384 4197 482 4254 multa
492 4199 642 4255 necessest
651 4197 809 4274 concipere
819 4211 855 4252 ec
864 4193 935 4253 eolis
944 4188 1043 4249 ruditu
1053 4189 1221 4270 ardoreque

69 4318 176 4356 eorum.
202 4315 233 4356 v.
250 4297 329 4358 304:
347 4300 406 4357 alia
422 4295 581 4378 (corpora)
598 4315 634 4355 ec
649 4294 715 4374 ipae
731 4292 898 4356 conradens
914 4294 982 4352 edre
997 4300 1109 4373 portat,
1126 4291 1169 4352 cs.
1188 4313 1219 4354 v.

71 4399 145 4458 444τ
163 4402 326 4460 conradens
336 4423 371 4461 ex
381 4405 458 4460 aiere.
475 4419 506 4460 v.
518 4400 597 4460 346:
617 4418 653 4458 ea
661 4396 727 4477 ipso
736 4402 860 4460 veniens
871 4400 973 4458 trahat
988 4398 1057 4456 aare
1073 4389 1220 4477 quaedam
