2944 4968
233 366 273 428 18
641 385 813 432 suesrsnn.
839 385 912 430 ors.
937 385 989 430 1n.

233 573 264 612 v.
285 552 358 614 575.
377 554 453 616 580:
471 577 548 634 quae
564 578 624 618 non
640 559 713 618 dum
729 561 851 619 clueant
866 553 930 614 uile
946 561 1097 636 temptata
1106 551 1236 633 pericle.
1262 573 1293 612 v.
1314 551 1403 614 700:

234 659 309 736 quid
333 660 420 718 nobis
445 661 555 718 certius
579 663 652 740 ipsis
676 663 812 721 sensibus
840 681 903 720 esse
933 665 1048 737 potest,
1077 655 1130 738 qui
1158 677 1228 718 vera
1256 677 1290 716 ao
1320 659 1407 716 falsa

233 756 393 820 notemus?
418 779 448 819 v.
467 759 565 822 1082:
584 764 676 821 medii
692 758 860 839 cuppedine
876 764 982 822 victae.
1008 760 1107 821 1085:
1126 767 1157 820 et
1172 762 1257 840 quasi
1273 761 1405 818 terrene

206 873 219 898 ⁴
234 885 310 941 quae
335 880 456 940 coepere
486 867 708 924 contineantur.
741 883 771 923 v.
801 862 898 924 1089:
930 871 1022 944 atque
1051 865 1121 924 ideo
1150 870 1252 923 totum
1280 865 1405 924 circum

170 961 175 970 '
234 975 363 1026 tremere
379 968 502 1026 aethera
523 963 630 1042 eripuis.
663 985 695 1026 v.
716 964 813 1027 1114:
834 983 935 1044 parua
960 968 1121 1046 perdoctus
1145 962 1257 1044 opeiic.
1287 961 1338 1038 11,
1358 965 1400 1024 8:

234 1071 317 1129 edita
346 1064 485 1126 doctrine
516 1071 688 1147 sapientum
713 1071 827 1148 templa
850 1090 963 1130 serena.
997 1088 1027 1129 v.
1056 1069 1107 1130 ΙΙ.
1141 1086 1173 1128 v.
1200 1067 1256 1128 12:
1288 1075 1402 1128 noctes

234 1179 326 1250 atque
347 1172 410 1230 dies
430 1172 489 1230 niti
503 1173 684 1248 praestante
704 1168 807 1230 labore
828 1173 867 1232 ad
882 1193 1013 1234 summes
1029 1193 1182 1250 emergere
1197 1191 1278 1250 opee.
1302 1189 1335 1229 v.
1354 1170 1402 1230 42

238 1293 287 1353 sq.
313 1293 344 1332 v.
363 1272 442 1334 309:
455 1269 582 1351 proprio
598 1275 652 1334 dat
667 1291 788 1350 corpore
803 1281 912 1336 motus.
937 1294 968 1334 v.
986 1273 1063 1335 319:
1081 1276 1192 1337 herbae
1207 1279 1402 1352 gemmantes

235 1393 302 1434 ecee
326 1372 452 1435 recenti.
479 1395 508 1435 v.
528 1374 605 1435 326:
624 1394 694 1436 uere
709 1373 872 1438 renidescit
887 1379 988 1438 tellus.
1019 1376 1081 1437 330
1097 1379 1276 1438 tramittunt
1290 1370 1402 1434 calido

236 1481 411 1558 quatientes
427 1475 535 1555 impete
550 1500 680 1559 campos.
706 1497 735 1537 v.
754 1477 833 1540 356:
851 1477 984 1556 periitne
999 1483 1127 1558 vestigia
1143 1499 1243 1558 prese·
1259 1473 1399 1536 bisulcis.

238 1600 267 1639 v.
287 1579 366 1642 357:
385 1583 484 1640 omnia
500 1583 597 1642 visens
613 1577 710 1640 oceiie
726 1584 799 1642 loca.
825 1601 856 1640 v.
873 1581 952 1643 360:
973 1578 1125 1642 desiderio
1140 1584 1251 1661 perfixa
1265 1582 1399 1638 iuvenci.

238 1703 269 1742 v.
286 1682 348 1744 401
361 1703 367 1740 :
375 1680 475 1763 foede
490 1690 689 1763 pertorquent
704 1706 756 1744 ora
771 1701 887 1760 sopore.
914 1703 945 1744 v.
965 1683 1024 1746 501
1043 1703 1131 1764 eqq.:
1157 1703 1289 1762 purpura
1308 1677 1400 1740 Peer-

236 1781 331 1846 8aie'co
357 1787 538 1846 concharum
562 1792 645 1846 tacta
669 1784 783 1857 coiere,
820 1807 924 1861 aurea,
957 1809 1103 1868 pavonem
1132 1781 1250 1846 ridenti
1276 1787 1400 1846 imitata

237 1886 337 1966 lepore
353 1888 459 1962 saecla,
475 1906 549 1946 ecco
565 1910 665 1948 rerum
681 1897 821 1969 superata
836 1887 934 1948 coiere
949 1893 1092 1951 iacerent.
1116 1908 1147 1948 v.
1166 1887 1245 1948 521:
1264 1881 1398 1964 ancipiti

237 1994 379 2071 quoniam
404 1987 540 2050 mucroni
564 1995 717 2070 utrimque
741 2001 902 2066 notantur,
927 1996 997 2052 hino
1018 1989 1153 2072 flammi-5
1177 1993 1262 2051 illinc
1285 1985 1398 2065 eipide'e

237 2091 353 2176 infectu
372 2089 507 2170 pruinis.
541 2089 595 2154 Sic
612 2089 711 2154 etiem
727 2091 769 2168 V,
788 2093 848 2154 760
865 2097 931 2156 loca
943 2091 1078 2176 jieremie
1098 2077 1224 2175 inferio.
1250 2088 1298 2166 ΙΙ,
1317 2090 1395 2150 593:

240 2193 360 2256 eeieeiie
375 2217 446 2256 vero
461 2200 536 2256 furit
551 2193 671 2273 iynibee
687 2199 818 2276 impetus
833 2201 959 2258 Aetnae.
984 2217 1015 2256 v.
1036 2195 1111 2257 734:
1129 2213 1186 2277 quo
1202 2204 1274 2256 sunt
1288 2196 1399 2255 inbuto

239 2296 349 2358 ociore.
381 2318 412 2357 v.
439 2287 515 2357 736:
543 2301 624 2378 quod
648 2302 785 2360 materiai
801 2321 932 2379 xcorpora
958 2295 1109 2358 consimili
1130 2301 1192 2361 siut
1214 2301 1277 2358 eius
1298 2299 1399 2356 tincta

153 2407 155 2410 ’
238 2400 347 2462 coiere.
385 2421 416 2460 v.
444 2399 523 2461 808:
556 2381 608 2480 qui
638 2404 781 2481 quoniam
811 2400 938 2482 quodem
968 2405 1137 2481 gignuntur
1166 2403 1289 2462 luminis
1317 2396 1395 2458 ieie.

238 2523 269 2564 v.
288 2504 365 2566 821:
390 2525 442 2564 our
463 2525 593 2584 eaquae
614 2511 755 2566 constant
775 2527 810 2566 ex
829 2508 890 2566 illie
911 2528 971 2566 non
994 2507 1107 2585 puriter
1125 2511 1197 2566 sunt
1218 2537 1248 2546 —
1263 2498 1397 2583 perfuso

238 2604 398 2667 coloribue.
438 2603 505 2680 III,
531 2605 589 2668 39:
622 2611 722 2668 omnia
750 2605 929 2690 ereffeueieee
958 2611 1064 2668 mortis
1093 2604 1222 2683 rurore.
1257 2625 1288 2664 v.
1315 2603 1394 2674 3042

140 2767 145 2774 .
238 2708 417 2792 suffundens
441 2731 544 2770 caecae
569 2713 706 2788 caliginis
730 2708 853 2778 emico,
880 2707 921 2770 ud
946 2730 977 2788 q.
1005 2707 1027 2769 l.
1054 2707 1210 2768 Luchm.:
1237 2710 1395 2784 „umbram

238 2816 395 2873 umbrasve
421 2809 596 2872 accusandi
621 2831 698 2872 casu
723 2809 823 2874 eoribi
846 2832 913 2872 non
938 2809 1067 2872 debuit:
1094 2807 1276 2872 ablativum
1298 2829 1395 2890 supra

239 2909 439 2976 firmavimus
466 2910 506 2972 ad
530 2932 659 2974 versum
680 2914 760 2974 39.“
793 2911 835 2989 V,
858 2914 937 2974 482:
965 2922 996 2975 et
1020 2911 1100 2973 ecieo
1124 2910 1254 2995 suffudit
1274 2911 1396 2990 perpite
1463 2976 1464 2990 ¹

240 3021 342 3078 fossas.
375 3013 427 3075 Sic
445 3012 608 3095 oblongus
626 3036 644 3078 a
660 3020 844 3078 correctore
860 3036 917 3097 pro
935 3019 964 3076 et
979 3015 1074 3076 reisue
1090 3013 1211 3098 offudit.
1237 3014 1297 3090 vl,
1314 3014 1392 3075 479:

240 3115 481 3200 eeffieedeeique
503 3138 558 3176 ece
576 3122 692 3180 eaelum
707 3117 851 3197 calipieee.
876 3117 924 3194 ΙΙ,
942 3121 1021 3180 919:
1046 3122 1132 3178 coetu
1148 3116 1335 3199 concilioque
1350 3121 1395 3178 nil
1463 3115 1464 3198 i

140 3261 142 3266 ·
240 3225 362 3282 facient.
395 3241 425 3280 v.
449 3221 525 3281 964:
553 3243 677 3301 corpora
699 3219 731 3280 ei
754 3220 884 3302 quadem
910 3257 940 3265 -
965 3225 1137 3284 sollicitata.
1166 3240 1198 3280 v.
1216 3222 1294 3284 967:
1320 3225 1393 3282 scire

143 3323 185 3360 ³
240 3328 313 3386 licet
337 3322 423 3383 reeiio
448 3326 613 3404 primordia
637 3347 722 3403 posse
747 3322 849 3383 dolore
874 3329 1026 3405 temptari.
1057 3346 1088 3386 v.
1117 3326 1198 3388 1011
1225 3345 1274 3405 sq.
1300 3328 1393 3403 magis
1463 3329 1464 3356 r

241 3425 307 3488 ocri
326 3423 441 3485 indicio
463 3429 625 3506 perpendo.
654 3446 685 3485 v.
712 3427 807 3488 1055:
830 3429 952 3486 ceterae
975 3431 1090 3508 percita
1108 3433 1199 3490 moire.
1225 3425 1292 3503 ΙΙΙ,
1314 3427 1390 3488 151:

241 3527 329 3588 neila
345 3525 481 3588 nouitate
497 3532 601 3590 cietur.
618 3525 680 3603 IV,
698 3529 796 3589 1215:
815 3533 939 3590 Veneris
955 3529 1087 3590 stimulis
1103 3536 1208 3594 excite.
1228 3528 1276 3604 ΙΙ,
1295 3530 1388 3591 1058;

241 3633 354 3690 cetere
375 3633 482 3691 fectus.
508 3631 606 3692 1114:
631 3634 749 3690 terreno
769 3651 892 3710 coepere
912 3639 992 3694 terra
1012 3638 1128 3696 crescit.
1151 3654 1183 3694 v.
1203 3634 1301 3694 1122:
1325 3655 1390 3694 nam

241 3755 317 3813 quae
333 3755 461 3812 cumque
478 3736 560 3794 vides
576 3731 676 3792 iiiaec
692 3737 887 3812 grandescere
903 3733 1048 3794 adauctu.
1073 3733 1140 3810 III,
1160 3735 1198 3796 19
1221 3759 1276 3796 nec
1291 3739 1392 3796 nubila

241 3832 349 3906 nimbis
370 3843 543 3916 aspergunt.
573 3855 604 3896 v.
623 3836 680 3896 20:
705 3841 754 3898 nix
776 3835 842 3896 ccci
862 3847 1002 3899 concreta
1014 3836 1145 3916 pruine.
1171 3858 1201 3898 v.
1221 3839 1261 3898 28
1278 3858 1327 3917 sq.
1347 3835 1391 3896 iis

163 3927 165 3934 ’
241 3941 284 3998 ibi
300 3960 348 3999 me
369 3936 455 3998 ecies
470 3940 618 4018 quaedam
633 3942 736 4000 divina
750 3943 890 4020 voluptas
906 3945 1035 4020 percipit
1056 3977 1102 4016 -,
1122 3945 1204 4021 quod
1225 3945 1267 4002 sic
1289 3950 1391 4002 natura

242 4044 296 4100 iac
312 4038 343 4099 ei
364 4076 393 4084 —
416 4048 530 4101 retecto
546 4051 600 4102 est.
626 4041 681 4102 71:
704 4045 825 4102 caedem
845 4040 936 4101 ccede
951 4043 1187 4104 cceeeeuiuetee.
1213 4041 1274 4118 VI,
1294 4043 1387 4104 1237:

242 4141 415 4203 cornetanae
426 4141 545 4224 senece
565 4147 663 4204 funus.
687 4140 755 4220 ΙΙΙ,
773 4144 850 4204 159:
873 4167 949 4224 quae
970 4168 1037 4206 cum
1059 4149 1151 4206 animi
1171 4143 1202 4206 ei
1220 4150 1389 4224 percucurri

243 4249 323 4306 cett.
342 4241 383 4318 V,
403 4244 479 4309 ⁷05:
502 4250 589 4308 Luna
608 4254 708 4327 potest
728 4251 799 4308 solis
818 4245 917 4307 radiis
933 4266 1079 4324 percurre
1099 4253 1204 4310 nitere.
1229 4246 1296 4324 III,
1316 4249 1386 4310 188:

241 4345 368 4408 uiciniae
390 4351 436 4410 uti
452 4367 550 4425 pereo
573 4353 688 4430 possint
708 4353 839 4431 impulse
858 4354 981 4412 moveri.
1006 4351 1083 4412 189:
1108 4376 1237 4432 namque
1258 4359 1389 4416 movetur
