2978 4964
880 271 903 308 Ο

216 379 256 440 66
628 394 782 438 Pnnncos.
814 393 887 438 ¹oin.
906 393 952 438 iu.

214 569 368 625 creantur.
386 585 418 626 v.
438 564 515 626 773:
532 569 618 627 nullo
630 569 689 627 tibi
706 583 742 624 ec
756 562 823 624 illie
838 568 953 645 poterit
967 587 1014 624 res
1031 582 1092 622 ecce
1107 565 1224 622 creato.
1245 581 1276 620 v.
1296 559 1379 622 785:

137 723 140 730 .
212 673 385 747 terramque
400 664 500 730 creari
515 686 551 726 cc
566 665 666 728 imbri.
693 664 740 742 II,
760 667 820 730 796
837 687 903 746 sq.:
921 685 957 726 cc
970 663 1052 726 albic
1066 668 1211 745 quoniam
1228 685 1290 726 non
1305 665 1383 724 albu

212 773 369 840 creantur,
392 793 448 831 nec
470 793 545 850 quoe
566 773 654 849 nigra
674 774 778 831 cluent
793 767 831 830 de
845 765 955 845 utorio,
978 770 1031 830 sed
1045 765 1143 826 variis
1159 785 1206 826 ec.
1242 786 1275 854 y.
1293 765 1354 826 963
1369 785 1377 822 :

212 869 312 930 creari
331 907 364 916 -
384 891 420 932 cc
436 869 510 932 aliie
525 875 639 934 sentiro
653 869 757 932 cattio.
779 868 914 945 111,34:
932 893 968 932 ex
982 874 1029 931 his
1050 905 1083 914 -
1103 871 1206 930 creari.
1239 865 1283 942 V,
1297 868 1377 928 796:

212 992 227 1032 c
243 976 325 1034 terro
341 977 486 1053 quoniam
501 977 573 1034 scot
589 979 698 1034 cuncte
713 976 828 1034 creato.
860 993 890 1034 v.
910 972 1009 1035 1013:
1035 976 1212 1053 prolemque
1234 989 1273 1030 ecc
1286 989 1318 1029 ce
1337 1004 1372 1014 —

210 1078 312 1137 videre
328 1079 472 1136 creatum.
506 1073 548 1150 V,
566 1075 644 1136 319:
660 1077 804 1152 procreat
823 1094 859 1134 cc
879 1093 910 1134 ee
925 1078 1035 1136 omnio.
1066 1070 1114 1148 II,
1133 1073 1212 1133 668:
1236 1075 1378 1152 quemvis

210 1182 397 1257 animantem
422 1196 458 1236 cc
481 1175 617 1238 omnibns
641 1200 731 1240 unam
754 1200 822 1238 osse
850 1210 881 1220 -·
910 1179 1112 1238 constituunt.
1152 1172 1196 1250 V,
1223 1175 1306 1235 880:
1339 1192 1379 1232 cc·

210 1276 394 1356 aliecc'yccc'o
409 1276 547 1338 membris
563 1287 727 1359 compacta.

295 1378 328 1460 d)
352 1379 402 1441 De
419 1399 518 1440 causa
534 1378 665 1441 dicitur.
701 1378 769 1456 III,
787 1381 982 1461 5932aliqua
1002 1415 1033 1424 -
1054 1402 1183 1442 eccum.
1219 1400 1252 1440 v.
1272 1379 1375 1442 1055:

209 1480 348 1564 equibus
363 1486 395 1544 id
410 1487 464 1545 fiat
480 1481 591 1544 coccio.
618 1480 680 1557 IV,
693 1482 751 1543 27:
769 1481 876 1564 quibus
892 1481 1010 1542 erebus
1028 1518 1060 1527 -
1081 1486 1209 1562 vigeret.
1235 1479 1280 1557 V,
1295 1482 1376 1545 752:

202 1581 349 1662 pluribus
369 1603 385 1644 c
404 1583 506 1644 coceio
525 1589 600 1661 fieri,
617 1605 648 1646 v.
666 1582 804 1646 Lachm.
821 1582 863 1644 ad
879 1581 941 1659 VI,
962 1584 1034 1647 761.
1066 1581 1109 1660 V,
1128 1585 1207 1646 860:
1231 1588 1321 1646 nobis
1339 1603 1379 1644 ce

161 1729 169 1740 .
207 1681 348 1745 07767070
372 1705 430 1744 cco
455 1708 531 1765 quae
556 1689 767 1747 commendato.
789 1691 922 1746 manent.
953 1704 985 1745 v.
1004 1685 1105 1746 1252:
1131 1705 1192 1766 qua
1216 1704 1380 1767 cumquee

207 1806 300 1846 cocco
330 1821 362 1830 -—
392 1789 541 1848 exederet.
581 1783 642 1861 VI,
666 1786 744 1849 172:
771 1791 883 1868 puriter
910 1791 962 1868 qui
986 1791 1123 1849 mittitur
1149 1791 1216 1866 igni
1238 1805 1254 1846 e
1275 1784 1379 1847 simili

207 1908 315 1958 cccco,
332 1909 478 1950 concursu
494 1896 583 1950 nutus
599 1892 715 1950 eodem.
745 1887 901 1950 Laohm.:
924 1885 1004 1964 „Sic
1025 1887 1191 1970 oblongus
1212 1894 1248 1950 et
1263 1886 1378 1950 Brixi-

207 1985 311 2048 ensis:
329 1985 371 2048 Ec
386 1985 482 2048 simili
496 1986 686 2068 quadratum
699 1985 877 2064 Antonius,
889 1986 1102 2058 Veronensiu
1121 1987 1231 2050 verius
1242 1987 1379 2051 estE.“

293 2092 321 2172 e)
346 2089 568 2172 Coniungitur
589 2109 663 2151 oum
685 2087 793 2152 verbis
815 2087 935 2151 mentis
959 2089 1102 2172 aliquam
1125 2090 1294 2154 actionem
1316 2113 1377 2154 ex-

205 2191 424 2274 primentibus
445 2198 480 2253 et
501 2189 669 2254 hominem
691 2195 749 2253 aut
770 2211 839 2253 rem
860 2190 1025 2273 proponit,
1050 2191 1142 2254 cuiue
1165 2215 1227 2275 ope
1243 2192 1379 2276 aliquid

207 2293 420 2375 cognoscitur
440 2293 607 2378 (Kompm.
629 2291 653 2354 l.
677 2292 699 2354 l.
724 2314 757 2374 p.
775 2294 839 2375 16).
871 2292 900 2370 Ι,
917 2295 996 2357 407:
1023 2298 1086 2357 alid
1110 2315 1146 2355 co
1170 2294 1236 2357 alio
1260 2321 1317 2378 per
1340 2306 1377 2360 te

207 2404 275 2458 tute
291 2401 355 2478 ipse
371 2401 472 2460 videre
492 2432 524 2440 —
545 2399 668 2478 poteris.
699 2417 731 2456 v.
752 2397 828 2458 751:
851 2394 986 2458 conicere
1006 2404 1042 2458 ut
1057 2402 1153 2478 possis
1169 2418 1206 2458 cc
1220 2398 1288 2460 hoc.
1321 2397 1375 2474 II,

209 2498 271 2562 178
282 2519 331 2578 sq.
344 2521 350 2558 :
367 2505 425 2560 hoc
440 2506 543 2560 tumen
559 2518 595 2557 ec
610 2495 686 2578 c'pem
702 2502 777 2560 caeli
792 2496 964 2564 rationibus
978 2503 1075 2560 ausim
1091 2505 1269 2563 confirmare
1284 2500 1379 2562 adiic-

209 2624 268 2682 que
290 2621 326 2660 ec
346 2599 434 2662 cctcc
452 2604 578 2663 reddere
597 2599 714 2662 molbio.
750 2597 875 2661 Eadem
897 2599 1055 2679 leguntur
1074 2600 1116 2677 V,
1139 2603 1202 2664 196
1223 2624 1275 2684 sq.
1307 2601 1376 2679 IV,

209 2703 287 2766 663:
306 2722 342 2763 oc
356 2700 404 2762 tc'c
418 2701 507 2762 rebec
521 2721 697 2779 coyoocccrc
712 2725 857 2784 quaeque.
889 2699 950 2777 VI,
967 2703 1047 2764 423:
1070 2727 1105 2764 ex
1125 2709 1173 2766 his
1190 2729 1378 2785 cognoscere

208 2809 308 2866 rebus.
339 2801 381 2878 V,
405 2803 506 2864 1134:
526 2807 701 2883 petuntque
724 2827 770 2864 ree
795 2821 830 2864 cc
854 2802 973 2864 auditis
997 2809 1099 2886 potius
1121 2830 1212 2886 quam
1234 2805 1377 2868 00006600

208 2903 296 2982 ipsis.
330 2902 390 2978 VI,
409 2905 790 2968 98720ernimusesucie.

295 3002 321 3084 7)
344 3001 534 3066 Adhibetur
554 3001 594 3064 ad
615 3001 825 3066 indicandam
840 3004 1059 3068 mutationem
1074 3006 1253 3088 quendam,
1269 3007 1320 3072 itu
1336 3015 1378 3071 ut

208 3127 262 3170 res
283 3103 505 3166 conditionem
528 3104 596 3168 sive
616 3111 767 3168 naturam
789 3104 857 3168 sive
878 3105 1018 3169 formam
1038 3130 1137 3190 quem
1152 3111 1257 3172 habet
1271 3109 1377 3173 relin-

211 3213 292 3290 quet
315 3211 374 3268 aut
397 3205 532 3269 emittat
556 3212 591 3269 et
615 3206 713 3270 aliem
736 3206 852 3270 induat
872 3208 1038 3291 (Kampm.
1060 3212 1175 3292 0.·18).
1209 3212 1273 3289 IV,
1292 3215 1374 3277 325:

211 3331 226 3371 c
242 3311 328 3370 laceo
346 3308 388 3376 cet
410 3317 517 3372 mutue
535 3313 650 3386 dexter,
673 3309 706 3370 h.
725 3329 753 3370 e.
769 3309 884 3371 laevus
900 3309 956 3391 qui
971 3317 1070 3374 antea
1085 3311 1162 3390 fuit,
1175 3313 1240 3376 'fiat
1256 3321 1374 3378 mutua

211 3410 339 3473 dexter.
371 3409 402 3482 Ι,
421 3411 481 3472 186
499 3430 566 3490 sq.:
584 3433 654 3474 nam
666 3411 781 3493 fierent
803 3417 925 3474 iuvenes
941 3417 1043 3477 cubito
1059 3435 1095 3476 ee
1110 3415 1283 3500 infantibu'
1293 3439 1376 3498 par·

209 3513 268 3584 oio.
286 3534 317 3576 v.
331 3514 392 3576 661
402 3535 409 3573 :
417 3512 553 3596 fierique
569 3533 605 3576 ec
621 3511 756 3574 omnibus
766 3537 859 3576 unum
873 3515 1076 3596 cormeill,
1090 3518 1107 3580 7
1111 3520 1169 3581 61:
1188 3543 1241 3582 our
1257 3539 1273 3581 c
1288 3520 1375 3600 oapi·

211 3614 276 3677 coti
289 3618 387 3677 stulta
402 3614 586 3699 queetfiecc'.
620 3612 667 3691 ΙΙ,
687 3612 724 3677 77
729 3615 762 3675 8:
784 3622 820 3676 ut
839 3638 926 3698 saepe
949 3636 984 3677 ec
999 3617 1197 3702 obiioformic
1213 3621 1375 3705 coriisque

201 3715 317 3802 ficetis
341 3713 476 3800 efficitur
500 3720 645 3798 quiddam
669 3720 858 3797 quadratum.
898 3715 958 3792 VI,
985 3720 1062 3780 911:
1094 3727 1208 3804 quippe
1234 3733 1375 3788 catenam

211 3843 300 3900 saepe
315 3837 351 3879 ec
366 3815 479 3879 ocellis
494 3823 596 3881 reddit
605 3817 820 3898 pendeom'buc.
851 3816 880 3895 Ι,
899 3819 977 3880 63οι
994 3824 1055 3882 iem
1070 3826 1116 3884 nil
1131 3843 1168 3884 cc
1183 3823 1251 3887 illic
1267 3831 1375 3892 eedem

210 3944 348 4002 reparare
363 3924 486 3984 valeret.

200 4087 201 4092 χ
298 4023 332 4104 g)
355 4043 391 4083 cc
411 4020 513 4082 cizico
542 4018 707 4096 111,109:
732 4045 801 4084 cum
822 4025 912 4083 miser
931 4042 966 4084 00
981 4022 1083 4086 auimo
1099 4030 1233 4091 laetatur
1248 4053 1376 4114 corpore

213 4133 291 4188 toto.
322 4145 353 4185 v.
372 4125 447 4186 914.
479 4119 542 4196 IV,
560 4122 660 4183 1195:
678 4146 748 4186 num
764 4127 838 4184 facit
853 4142 889 4182 00
904 4122 1005 4186 animo
1021 4150 1119 4209 saepe.

299 4225 333 4304 h)
357 4223 404 4286 Ec
427 4222 476 4285 ite
500 4220 582 4284 dicit
605 4222 769 4303 proficisci
793 4223 918 4306 aliquid
938 4231 973 4288 et
991 4227 1122 4309 prodire
1143 4252 1184 4294 ex
1200 4233 1312 4315 aliqua
1328 4256 1374 4314 re,

215 4335 252 4392 ut
268 4327 297 4390 ei
313 4331 572 4388 consentaneum
588 4323 643 4400 eit,
667 4323 754 4386 idem
774 4325 862 4407 quod
877 4329 1036 4390 secondum
1055 4341 1186 4411 gemtss
1204 4335 1371 4420 (Kampm.
