2944 4968
364 363 462 408 orsus
479 363 781 434 suesnnurrvpnun.
813 363 963 407 onmvus
1196 343 1237 408 41

88 534 258 615 eleganter
277 532 379 595 erudio.
413 555 444 594 v.
464 535 545 596 6631
564 557 641 615 quae
655 538 767 596 violare
785 537 875 596 fidem
891 537 976 614 quasi
991 531 1126 593 suasibus
1141 537 1242 595 omnia

87 644 246 718 quaerunt.
278 657 309 696 v.
329 638 404 698 564:
431 640 556 698 verbum
580 659 668 717 saepe
692 660 786 698 unum
810 641 924 718 perciet
948 641 1027 698 611116
1051 633 1185 696 omuibus
1209 640 1240 697 in

87 743 209 822 populo.
240 759 272 800 v.
290 740 368 801 641:
391 746 423 801 at
444 737 544 818 aamris
559 743 663 821 adipes
683 746 715 800 et
736 737 940 800 coturnicibus
959 745 1059 818 auget.
1090 739 1238 800 1619661

68 895 70 899 .
86 845 198 925 pabula
209 846 321 905 amoris
337 839 504 902 absterrere
518 840 587 903 eibi.
609 861 641 903 v.
655 841 756 902 12991
772 845 838 903 Nee
853 844 955 902 divina
969 849 1068 902 satum
1077 845 1242 920 genitalem

86 949 211 1007 numine
226 942 366 1026 cuiquam
382 943 560 1006 absterreret.
585 965 616 1006 v.
630 944 727 1006 10671
746 951 777 1006 et
792 967 908 1006 servare
923 941 982 1004 sibi
997 967 1098 1004 euram
1113 951 1242 1005 eertum·

86 1073 144 1129 que
169 1051 313 1110 dolorem.
353 1066 384 1108 v.
411 1047 511 1107 1098:
542 1052 679 1110 ardorem
708 1045 761 1127 qui
792 1042 929 1106 membris
959 1051 1112 1126 stinguere
1136 1049 1240 1127 possit.

85 1171 117 1210 v.
137 1149 237 1212 12591
256 1171 412 1231 orasseque
428 1154 611 1211 convenient
627 1145 755 1230 liquidis
770 1157 801 1210 et
816 1152 933 1230 liquida
948 1145 1068 1210 aramis.
1092 1169 1123 1209 v.
1142 1148 1239 1209 12611

85 1275 215 1332 namque
231 1256 297 1314 aliis
313 1255 401 1314 rebus
417 1260 614 1314 ooneresount
629 1255 742 1312 semina
762 1249 898 1311 membris
914 1255 995 1311 cett.
1013 1248 1056 1327 V,
1074 1250 1130 1312 15:
1155 1255 1242 1312 Ceres

85 1361 182 1417 fertur
197 1359 298 1434 fruges
319 1381 350 1398 ·-
370 1352 550 1415 mortalibus
564 1359 742 1417 instituisse.
774 1352 816 1429 V,
836 1353 911 1415 174:
933 1357 1042 1434 quidve
1058 1358 1129 1415 mali
1144 1358 1243 1414 fuerat

85 1456 171 1518 uobis
195 1481 257 1518 non
281 1443 344 1518 esse
369 1454 502 1517 creatis?
530 1477 561 1516 v.
589 1457 649 1518 300
676 1475 742 1537 sq.:
768 1479 863 1536 usque
887 1459 962 1517 adeo
986 1463 1182 1536 properanter
1206 1459 1242 1517 ab

86 1563 226 1621 omnibus
241 1563 363 1639 ignibus
374 1556 402 1618 ei
413 1562 537 1620 exitium
549 1563 638 1621 aeleri
648 1563 763 1622 celatur
773 1562 888 1638 origine
898 1563 1043 1634 flammae,
1059 1579 1091 1618 v.
1103 1555 1240 1618 Laohm.

85 1681 117 1722 v.
143 1661 221 1723 373:
243 1665 319 1722 haut
339 1665 435 1740 igitur
455 1665 510 1723 leti
531 1666 686 1742 praeclusa
706 1667 751 1722 est
772 1666 862 1722 ianua
882 1659 976 1720 caeto.
1012 1681 1045 1720 v.
1067 1661 1165 1722 1052:
1187 1683 1242 1722 neo

85 1768 202 1825 ratione
219 1767 325 1825 docere
339 1767 405 1826 ulla
418 1762 606 1844 suadereque
627 1762 739 1825 surdis.
772 1783 803 1824 v.
823 1765 922 1824 1082:
947 1770 978 1824 et
999 1753 1090 1843 quom
1106 1766 1143 1824 de
1159 1767 1242 1823 victu

85 1873 204 1928 certant
212 1865 410 1946 praedaeque
426 1874 599 1947 repugnant
615 1864 719 1946 (velut
735 1863 836 1946 angui
851 1865 971 1946 capto).
999 1863 1052 1926 Sio
1064 1862 1239 1926 Aventius.

84 1990 116 2030 v.
141 1969 240 2030 12671
270 1972 420 2050 silvasque
441 1977 477 2029 ut
498 1973 621 2031 caedere
642 1977 764 2050 possent
784 1973 1002 2050 materiemque
1023 1967 1120 2038 domo,
1144 1971 1242 2028 levare

15 2067 22 2075 ’
85 2096 119 2134 ae
134 2074 239 2134 radere
258 2074 354 2151 tigna.
386 2068 439 2132 Sia
461 2068 694 2132 Lachmannus
711 2068 810 2132 dandi
830 2091 905 2132 casu
926 2091 1002 2152 pro:
1026 2074 1242 2150 materiemque

85 2179 204 2238 doleret
220 2178 318 2236 levare
334 2197 368 2236 aa
382 2178 487 2237 radere
501 2179 597 2254 tigna.
619 2195 651 2236 v.
664 2175 762 2235 13121
781 2179 833 2255 qui
848 2172 1032 2234 moderarier
1046 2170 1094 2232 bis
1109 2179 1240 2253 possent.
1348 2171 1350 2175 ’

85 2276 149 2352 Vl,
162 2278 238 2338 6631
257 2285 289 2338 et
304 2281 376 2338 satis
391 2282 466 2339 haee
480 2280 572 2339 tellus
588 2275 653 2337 orbi
667 2280 843 2358 caelumque
858 2281 930 2338 mali
945 2281 1013 2338 fert.
1039 2272 1092 2335 Sio
1102 2272 1240 2335 1111611111.

84 2399 144 2461 pro
160 2376 264 2438 morbi.
299 2399 328 2438 v.
349 2379 424 2440 7291
446 2384 482 2442 fit
503 2402 623 2459 qnoque
644 2384 691 2440 uti
707 2383 836 2460 pluviae,
859 2384 968 2454 forsan,
985 2382 1080 2458 magis
1096 2382 1134 2439 ad
1151 2385 1242 2459 eaput

85 2480 114 2541 ei
129 2490 265 2562 tempore
285 2504 319 2542 eo
339 2485 422 2542 fiant.
454 2479 608 2542 Laohm.:
631 2479 737 2556 „Itali
759 2486 793 2542 et
808 2479 971 2542 Marullus
988 2479 1064 2542 eius.
1087 2477 1241 2541 eorrecti-

85 2581 158 2645 onis
183 2602 316 2644 oausam
339 2603 406 2643 non
430 2581 608 2665 perspicia,
642 2589 684 2644 et·
705 2581 926 2664 quaerendum
955 2587 1036 2664 puto
1067 2581 1139 2664 quis
1165 2587 1242 2643 ante

83 2683 231 2748 Hirtium
256 2682 432 2746 Horatium
457 2683 642 2766 Vergilium
667 2683 858 2747 Vitruvium
886 2683 1006 2746 dixerit
1030 2694 1121 2766 eaput
1145 2690 1241 2747 amnis

82 2794 192 2865 fontis,
217 2793 332 2865 Rheni,
356 2785 512 2868 genetivo
542 2786 667 2850 addito,
698 2809 795 2870 supra
818 2808 916 2849 versu
940 2788 1001 2849 636
1030 2795 1062 2850 et
1089 2792 1127 2850 ad
1151 2796 1243 2870 eaput

83 2889 224 2952 omuibus
245 2895 342 2953 omnis
363 2895 526 2953 Confluit.“
559 2913 588 2952 v.
608 2893 686 2954 755:
712 2895 765 2954 sed
788 2899 898 2952 natura
921 2894 980 2953 loci
1003 2896 1033 2952 vi
1057 2889 1124 2951 ibus
1147 2895 1242 2952 officit

82 2999 149 3076 ipsa
172 3002 288 3074 suapte.
321 2991 374 3054 Sio
394 2991 532 3054 Laohm.
558 3015 660 3076 pros.
683 3020 712 3056 11.
736 2998 756 3056 1.
782 2998 875 3056 efficit
898 2999 963 3076 ipsa
983 3002 1098 3075 suopte.
1129 3015 1161 3055 v.
1179 2993 1241 3056 9741

83 3100 224 3177 Denique
249 3098 445 3158 amarioinum
469 3100 584 3175 fugitet
607 3121 656 3158 aus
681 3105 713 3159 et
736 3101 828 3159 timet
851 3121 939 3158 omne
963 3104 1146 3176 ungentum:
1172 3121 1242 3158 nam

82 3195 242 3276 saetiqerie
261 3196 352 3258 erebus
372 3221 438 3259 aere
459 3207 649 3262 venenumst.
680 3221 711 3260 v.
736 3201 836 3262 19921
862 3203 978 3261 oledem
1005 3233 1035 3243 ..
1057 3204 1184 3260 conflare
1206 3235 1236 3243 -

83 3305 242 3363 hominum
254 3299 361 3379 pomeri
376 3305 587 3382 pecudumque
603 3300 744 3363 cateruis.
775 3324 806 3362 v.
825 3303 906 3364 1131
924 3322 973 3382 sq.
991 3306 1077 3362 venit
1092 3299 1185 3361 bubus
1205 3338 1236 3345 —
1254 3366 1256 3369 ,

83 3427 172 3485 saepe
188 3407 338 3484 pestilitas
355 3410 386 3465 et
401 3407 461 3465 iam
472 3402 573 3482 prioris
589 3402 764 3465 balantibus
779 3429 893 3485 aegros.
910 3424 942 3464 v.
955 3404 1053 3464 11351
1071 3427 1108 3465 an
1126 3408 1242 3465 eaelum

83 3504 168 3566 uobis
189 3543 220 3550 —
241 3508 366 3567 deferat.
397 3527 428 3566 v.
448 3506 546 3569 11791
570 3511 616 3570 nil
630 3511 705 3569 adeo
721 3531 822 3589 posses
844 3505 984 3588 cuiquam
1006 3511 1071 3568 leve
1091 3514 1241 3587 tenveque

82 3606 219 3668 membris
240 3615 358 3670 vertere
378 3613 411 3670 in
430 3612 608 3670 utilitatem.
645 3608 701 3670 L.:
729 3607 900 3685 '‚,Frustra,
926 3606 990 3669 nisi
1014 3606 1241 3686 1611661616-

84 3708 180 3772 binus
197 3708 390 3793 quiaquom.“
421 3731 452 3772 v.
471 3712 571 3772 12321
589 3709 679 3771 morm'
694 3716 855 3774 damnatus
870 3719 906 3774 ut
921 3718 1008 3774 esset.

169 3810 281 3874 Verba
310 3809 411 3873 dandi
441 3816 474 3873 et
505 3810 684 3874 adimendi:
715 3813 744 3889 Ι,
771 3816 826 3875 281
854 3813 894 3875 rto
918 3813 1009 3875 dietis
1037 3809 1079 3860 -’
1098 3809 1240 3895 leporem.

84 3935 116 3974 v.
136 3916 332 3978 1991611166
352 3921 388 3976 ut
409 3912 503 3976 eborei
523 3919 595 3978 felix
614 3921 790 3998 faustusque
811 3916 947 3978 daretur.
979 3939 1010 3978 v.
1029 3918 1091 3980 936
1108 3937 1175 3998 sq.:
1193 3924 1242 3980 vel

84 4021 131 4078 uti
146 4016 253 4096 pueris
275 4021 428 4080 absinthia
452 4054 482 4062 —
505 4041 573 4079 oum
595 4018 670 4080 ebore
690 4027 846 4082 conantur.
877 4040 909 4080 V.
928 4021 1006 4081 9921
1028 4025 1146 4102 requies
1166 4021 1240 4084 tota

84 4123 300 4202 principiorum
316 4118 489 4199 torporibus
504 4125 629 4184 nullast.
663 4120 710 4198 II,
729 4122 806 4184 1871
829 4147 867 4185 ne
888 4121 944 4183 tibi
964 4123 1036 4183 deut
1056 4128 1241 4186 1116611611-

84 4245 201 4285 marum
225 4245 349 4304 corpora
372 4227 517 4286 fraudem.
558 4222 620 4298 IV,
648 4225 725 4286 9951
741 4223 845 4308 jurae
869 4231 954 4307 quasi
978 4225 1081 4286 debita
1106 4234 1240 4288 cernant.

84 4323 126 4401 V,
145 4325 223 4387 9791
242 4329 391 4388 silvestria
406 4330 540 4388 membra
560 4330 642 4389 nudo
657 4326 772 4390 taboret
788 4332 899 4390 terrae.
930 4349 962 4390 v.
983 4330 1079 4392 1000:
1101 4352 1162 4391 una
1177 4333 1240 4394 dies
1294 4330 1295 4333 ’
