2886 4998
196 360 257 421 118
606 379 750 424 vnnauu.
784 379 856 423 car.
874 379 933 424 v11.

195 571 212 608 a
227 551 327 609 nervis
343 553 374 608 et
389 552 535 628 sanguine
551 547 682 628 locffilcr
697 569 769 610 case.
796 546 859 626 VI,
872 549 950 614 369:
969 559 1089 633 tempus
1105 555 1139 612 cl
1155 555 1200 612 ecl
1215 573 1380 612 vernum.

195 647 248 712 Sic
265 647 401 712 Lachm.
420 671 477 732 pro
493 649 539 722 ic,
563 651 596 712 h.
615 671 643 712 e.
666 650 762 732 quale
784 671 920 713 vernum
941 656 1072 735 tempus
1095 657 1156 728 cst,
1180 650 1236 733 qui
1259 650 1380 734 plura

195 751 294 814 etiam
311 752 460 836 exempla
476 753 582 814 affert.
615 749 799 815 Praedicati
819 752 892 815 loco
910 759 961 816 est
977 752 1167 817 adverbium
1183 753 1377 834 infigura,

195 875 276 936 quae
293 853 414 917 dicitur
427 855 472 938 ὑφ’
492 856 527 931 ἓν,
544 877 645 937 quum
661 854 863 938 cogitatione
880 853 1066 918 addendum
1082 855 1127 919 sit
1141 855 1375 941 participium

193 955 285 1018 verbi
299 977 372 1034 esse,
396 957 424 1035 Ι,
443 959 503 1020 373
521 967 590 1041 post
605 963 680 1036 loca,
701 959 735 1020 h.
754 979 783 1021 e.
804 958 878 1021 loca
894 979 975 1040 quae
992 963 1068 1042 post
1085 965 1174 1022 sunt.
1206 958 1248 1036 V,
1268 959 1373 1022 1371

192 1064 270 1123 infra
290 1097 321 1106 —
342 1065 451 1124 locum.

558 1247 622 1303 IV.
657 1247 834 1319 nyssam
852 1249 974 1308 verbi.

684 1424 755 1504 Cap.
780 1427 850 1486 VII.

226 1604 281 1668 De
305 1605 466 1670 notione
490 1612 608 1690 atque
632 1607 854 1691 generibus
877 1608 988 1673 verbi
1011 1608 1051 1672 in
1073 1608 1326 1674 universum.
1355 1641 1378 1698 3·

278 1781 307 1840 1.
334 1775 524 1865 Sipcc'Jt'cclic
551 1779 653 1842 661166
683 1779 915 1863 complectitur
944 1779 1113 1843 notionem
1141 1780 1321 1845 transitiva
1357 1781 1376 1808 ·’

192 1880 484 1970 et,intransitivam
502 1887 535 1944 et
551 1880 585 1944 in
596 1881 696 1946 activi
706 1882 810 1946 forma
821 1889 855 1944 et
865 1882 898 1945 in
909 1882 1142 1967 deponentiali.
1170 1883 1340 1947 Nonnulh

91 2000 94 2009 ¹
190 1983 273 2046 locis
295 1983 399 2046 forma
419 1983 527 2046 activa
548 1983 704 2048 restituta
727 1991 778 2047 ert
794 2008 812 2047 a
829 1985 963 2064 criticis,
985 1985 1033 2065 II,
1052 1990 1130 2050 lla:
1148 1993 1195 2051 uti
1211 2009 1356 2050 memoro.
1373 2013 1405 2067 ·.

191 2085 237 2149 sic
254 2085 417 2150 Avantius
439 2109 497 2170 pro
519 2107 672 2164 cccccccccc,
695 2087 734 2149 de
758 2110 821 2170 qua
841 2087 945 2151 forma
965 2088 1039 2152 vide
1055 2089 1192 2152 Lachm.
1211 2088 1272 2166 IV,
1292 2093 1353 2153 54:

189 2191 315 2252 miltant
330 2196 363 2254 in
378 2195 466 2253 rebus
482 2196 594 2273 apertis
611 2188 669 2271 (sic
686 2191 852 2254 Antonius
870 2197 903 2253 et
919 2191 1069 2275 impressi
1085 2214 1143 2275 pro
1159 2191 1350 2273 6661166166).

190 2293 250 2371 IV,
265 2296 343 2356 352:
361 2318 399 2356 ne
415 2299 574 2358 simulacra
589 2299 707 2377 possint
722 2300 852 2358 ullarum
868 2321 967 2358 rerum
984 2301 1121 2358 coniecta
1135 2314 1261 2356 movere.
1296 2293 1353 2356 Sic
1411 2290 1423 2335 ‘2

191 2400 281 2458 recte
305 2395 478 2458 Bentleius
502 2419 560 2480 pro
589 2395 712 2470 moveri,
744 2396 873 2460 scilicet
902 2398 1026 2474 oculos,
1060 2403 1094 2459 et
1124 2397 1286 2460 lacessere
1317 2402 1357 2468 ut
1423 2394 1426 2397 ’

192 2497 337 2562 videant.
370 2520 402 2562 V.
420 2501 498 2563 493:
525 2509 556 2564 et
578 2524 802 2583 quaecumque
824 2505 968 2564 coloribu’
992 2506 1054 2564 sint
1074 2504 1236 2562 coniuncta
1250 2499 1356 2562 credere

193 2604 252 2685 (sc.
274 2627 393 2666 necesse
416 2612 471 2681 est,
492 2602 580 2685 quod
602 2603 806 2686 antecessit).
844 2601 951 2664 Viciae
973 2601 1105 2686 scripsit
1120 2601 1355 2664 Lachmannus
1437 2627 1439 2651 1

194 2727 251 2788 pro
277 2713 424 2768 necessest
448 2725 604 2789 perquam
627 2704 738 2788 inepte
762 2703 1045 2788 exsuperioribus
1069 2703 1262 2786 repetitum,
1290 2725 1358 2768 non

193 2807 303 2885 raideri,
327 2808 403 2890 quia
424 2808 604 2891 praecessit
625 2809 749 2871 scotice.
782 2808 823 2886 V,
842 2808 1026 2892 1016secre
1040 2806 1122 2869 Itali
1142 2812 1176 2870 et
1192 2807 1356 2870 Marullus
1438 2866 1439 2870 ,

194 2931 252 2994 pro
265 2910 364 2993 fccrc'.
400 2910 547 2992 Antiqua
567 2909 803 2974 formaaotiva
816 2911 919 2991 ,666161
939 2907 1063 2992 legitur
1078 2909 1119 2986 V,
1138 2911 1211 2987 684,
1229 2915 1356 2974 adulant
1437 2948 1443 2961 υ

195 3013 240 3075 ib.
251 3035 283 3075 v.
298 3014 391 3077 1070.
419 3013 627 3078 Enumerabo
644 3014 784 3098 primum
799 3035 837 3076 ea
846 3012 956 3090 verba,
975 3033 1057 3094 quae
1068 3010 1154 3095 apud
1163 3011 1355 3077 Lucretium
1436 2998 1443 3093 ,

197 3121 231 3179 et
246 3115 456 3178 intransitiva
473 3122 506 3179 et
522 3111 697 3180 transitiva
713 3115 955 3199 significatione
966 3121 1122 3198 usurpata
1136 3114 1353 3199 reperiuntur.

197 3219 266 3281 Bao
282 3219 491 3282 transitivum
511 3226 562 3282 est
578 3220 606 3296 I,
625 3221 703 3283 cla:
726 3225 919 3302 ingentisque
935 3217 1000 3280 ecclc
1016 3242 1116 3281 naves.
1148 3239 1178 3280 v.
1198 3220 1259 3280 389
1275 3219 1355 3281 rcc'l-

196 3347 254 3405 que
272 3322 399 3405 (amnis)
415 3330 459 3386 ita
475 3328 624 3407 quidquid
638 3329 781 3386 fiuctibus
797 3329 908 3387 obstat.
935 3343 964 3384 v.
984 3324 1060 3384 292:
1078 3327 1209 3384 trudunt
1223 3347 1270 3384 res
1286 3330 1356 3386 ante
1436 3329 1437 3332 ’

198 3432 353 3509 caecaeque
373 3432 540 3511 impetibus
563 3432 682 3490 crebris.
713 3427 755 3503 V,
774 3427 856 3490 1395
872 3434 984 3488 terram
1000 3429 1157 3489 minitanti
1172 3431 1272 3488 fronte
1288 3446 1355 3488 cccc-
1435 3499 1437 3508 κ

198 3529 281 3591 baal.
315 3528 377 3606 IV,
402 3533 463 3593 866
488 3529 647 3592 subruitur
671 3538 788 3592 nature.
827 3527 887 3606 VI,
913 3530 991 3590 545:
1019 3533 1124 3592 subter
1147 3533 1200 3590 ubi
1223 3527 1356 3606 66666666

198 3633 359 3712 speluncas
381 3633 503 3696 sccbrcc't
527 3642 617 3697 astas.
657 3632 699 3710 V,
723 3617 784 3696 368
810 3656 885 3714 quae
909 3636 1027 3714 possint
1055 3668 1087 3676 -
1117 3651 1256 3691 coercere
1279 3629 1356 3690 16666

198 3760 298 3799 rerum
313 3739 447 3798 violento
463 3740 585 3800 turbine
601 3757 754 3798 summam.
775 3733 817 3812 V,
829 3736 892 3798 412
909 3739 1020 3797 obruit.
1044 3731 1104 3810 VI,
1117 3735 1179 3795 264
1196 3736 1356 3795 obruerent
1441 3792 1442 3795 ,

198 3847 302 3901 terras.
324 3837 578 3901 Intransitivum
594 3843 645 3902 est
658 3857 745 3900 caere
761 3837 788 3915 I,
802 3839 895 3901 1105.
914 3835 976 3913 IV,
987 3839 1062 3900 403.
1081 3837 1153 3899 507.
1173 3837 1246 3898 518.
1263 3833 1306 3911 V,
1317 3836 1355 3896 96

200 3944 306 4020 (ruet).
332 3964 363 4003 v.
376 3941 449 4004 307.
469 3943 542 4004 313.
561 3947 668 4006 obruat
684 3940 751 4019 III,
765 3940 836 4003 775.
862 3938 994 4001 Pccelro
1010 3937 1222 4001 transitivum
1236 3937 1266 4014 Ι,
1279 3940 1353 3999 529:
1437 4015 1438 4019 Ἰ

200 4070 256 4109 nec
279 4069 368 4127 porro
392 4049 514 4128 penitus
533 4050 699 4124 penetrale
722 4049 826 4106 retexi.
858 4041 906 4118 H,
925 4043 1002 4105 539:
1029 4051 1064 4105 ut
1084 4046 1204 4125 penitus
1228 4049 1355 4122 nequeat

197 4147 368 4229 penetrari.
400 4147 467 4224 ΙΙΙ,
484 4148 559 4211 416.
583 4145 644 4224 IV,
662 4148 735 4210 197.
758 4147 832 4209 613.
856 4147 929 4207 669.
952 4146 1013 4208 670
1037 4153 1202 4228 penetrata.
1233 4165 1265 4204 v.
1284 4145 1352 4206 894.
1436 4131 1440 4194 -2⁴

204 4253 298 4315 1246.
332 4250 373 4327 V,
390 4252 490 4313 1262:
509 4255 689 4333 penetrabat
704 4275 763 4314 eos.
795 4246 857 4325 VI,
876 4249 949 4312 953.
967 4245 1220 4310 Intransitivum
1236 4245 1284 4323 II,
1296 4248 1355 4308 414
1438 4223 1441 4292 i

204 4376 253 4436 sq.
278 4357 445 4434 penetrare
474 4390 505 4400 —
535 4360 567 4417 in
597 4379 691 4418 nares.
730 4351 792 4429 IV,
821 4353 892 4414 700.
925 4352 996 4413 730.
1037 4348 1098 4426 VI,
1125 4351 1199 4411 986.
1239 4347 1354 4428 1166666
