2944 4968
438 405 535 450 ussus
552 404 854 448 suus'rsurwouuu.
887 405 1000 448 sensu.
1279 387 1295 450 7

230 569 402 652 Illirte'IV,
420 577 494 638 345.
526 573 612 637 luein
626 573 693 650 III,
711 576 784 651 881,
806 574 846 635 de
863 596 927 658 qun
947 573 1050 638 forma
1070 572 1145 639 vide
1160 574 1297 638 Luchm.

144 701 177 761 p.
199 680 271 740 189.
825 743 829 750 ,

237 779 390 864 Utrunque
405 779 453 858 II,
470 783 544 843 520.
567 779 633 857 III,
652 781 729 842 658:
748 785 852 862 lingue
866 785 1019 858 vibrante,
1035 787 1166 845 micante
1181 807 1300 866 serpen-

146 893 208 946 tem
224 889 333 960 cauda,
350 903 365 944 e
374 904 502 964 procero
517 903 639 962 eernere
655 881 815 966 utrinque.
862 883 1015 944 Laehm.:
1041 890 1213 967 „utrimque
1229 885 1300 946 Mu·
1367 941 1372 950 .

145 985 221 1048 rulli
243 985 316 1068 [pro
337 985 514 1068 utrumque]
537 1006 615 1047 sane
636 984 842 1068 probandum
862 991 928 1048 est:
952 985 1117 1068 utrimque
1133 1008 1150 1049 e
1166 1007 1300 1070 procero

146 1108 292 1171 corpore,
309 1086 343 1149 id
360 1093 412 1150 est
429 1109 469 1150 ex
484 1093 623 1170 utruque
638 1087 764 1170 proceri
781 1087 925 1172 eorporis
941 1094 1035 1171 parte
1051 1085 1165 1171 lingua
1181 1087 1300 1166 vibrat,

145 1189 247 1252 micat
267 1190 407 1252 euudn“.
453 1190 496 1267 V,
515 1193 589 1253 512.
605 1213 637 1252 r.
657 1192 733 1252 839:
761 1196 986 1274 androgynum,
1008 1197 1231 1274 interutrasque
1247 1217 1302 1254 nee

145 1304 262 1371 utrum,
284 1292 435 1376 utrimque
455 1302 615 1356 remotum.
662 1291 715 1355 sis
733 1279 856 1377 optime
876 1315 933 1377 pro
949 1300 1108 1378 utrunque
1124 1292 1302 1357 Brixiensie

147 1393 395 1478 etNaugerius.
428 1395 490 1474 VI,
509 1398 582 1460 551.
601 1397 673 1458 835.
691 1393 755 1473 IV,
773 1398 834 1458 939
851 1402 1113 1479 utrimquesecus.

231 1497 429 1560 Extrinsecus
450 1497 479 1574 1,
501 1501 573 1561 528.
600 1497 649 1573 ΙΙ,
667 1499 762 1562 1107.
788 1497 855 1576 ΙΙΙ,
875 1500 948 1562 799.
975 1499 1037 1578 VI,
1054 1502 1129 1563 483.
1152 1521 1183 1561 v.
1206 1501 1300 1576 1999,

147 1600 203 1665 ubi
219 1600 385 1684 oblongus
402 1599 504 1663 habet
519 1606 709 1664 intrinsecus.

233 1702 424 1765 Intrinseeus
441 1702 501 1780 VI,
521 1704 615 1766 1147.
633 1701 695 1780 IV,
716 1705 769 1766 99.

232 1805 364 1868 Penitnn
379 1804 408 1895 Ι,
426 1808 498 1869 145.
517 1808 595 1868 9961
619 1812 644 1869 si
653 1805 781 1886 penitus
795 1811 926 1888 peremit
947 1831 1124 1871 consumens
1145 1813 1302 1870 materiem

147 1933 276 1972 omnem.
317 1909 390 1971 969.
419 1911 495 1970 5991
524 1907 652 1988 penitus
677 1920 843 1990 penetrata.
881 1910 954 1973 537.
982 1911 1059 1972 5411
1091 1919 1162 1972 ante
1186 1916 1242 1972 hnc
1266 1915 1304 1972 ud

147 2014 243 2076 nilum
254 2010 382 2092 penitus
396 2035 443 2074 res
459 2035 595 2094 quaeque
610 2016 768 2098 redissent.
799 2010 868 2090 ΙΙΙ,
880 2013 953 2076 973.
971 2010 1034 2090 IV,
1047 2012 1120 2074 268.
1139 2014 1210 2076 919.
1223 2015 1301 2076 3991

147 2121 283 2198 quamvis
310 2123 391 2177 torte
412 2113 597 2196 penitusque
622 2124 746 2178 remota.
784 2114 858 2178 695.
885 2114 947 2192 VI,
971 2117 1049 2177 698:
1080 2122 1123 2179 Et
1147 2125 1304 2198 penetrare

147 2223 236 2281 maris
254 2216 382 2298 penitus
406 2225 545 2299 pernocte
564 2222 596 2280 in
616 2227 769 2300 apertum,
792 2217 882 2300 adq.
901 2216 924 2279 1.
942 2239 973 2280 v.
992 2217 1129 2282 Iruehm.
1148 2221 1225 2282 865:
1247 2225 1305 2282 hoe

148 2327 200 2384 ubi
221 2324 352 2384 roriferis
373 2331 484 2382 terrum
506 2344 565 2382 nox
587 2324 690 2382 obruit
708 2325 837 2398 umbris,
860 2326 1011 2404 extemplo
1027 2320 1153 2400 penitus
1168 2327 1304 2402 frigescit
1383 2341 1393 2346 “

145 2433 226 2485 terra
250 2428 380 2504 coitque.
427 2421 480 2483 Sin
503 2421 642 2484 Luehm.
672 2444 730 2506 pro
761 2423 888 2486 sonitus.
935 2423 1098 2486 Marullus
1120 2445 1188 2486 non
1212 2429 1301 2486 reete

145 2525 262 2597 subtus,
290 2545 354 2606 quo
381 2523 544 2588 venabulo
566 2523 742 2587 Lueretius
766 2546 831 2590 non
856 2525 973 2589 utitur.
1006 2548 1037 2588 v.
1056 2529 1154 2590 11411
1177 2526 1302 2606 penitus

144 2633 268 2690 veniens
283 2631 419 2709 Aegypti
433 2631 547 2689 finibu'.
580 2628 673 2690 1954.
715 2707 717 2710 .

231 2729 368 2792 Aliunde
383 2727 452 2806 ΙΙΙ,
465 2731 537 2792 133.
561 2726 602 2806 V,
615 2731 692 2792 5991
710 2735 772 2793 sive
787 2727 915 2792 aliunde
928 2736 1023 2809 fluens
1033 2730 1177 2794 alicunde
1186 2730 1301 2793 enniu-

145 2830 473 2909 1111111ι.17,547.
528 2879 530 2884 ,

231 2935 380 2997 Deorsun
395 2933 425 3012 I,
443 2936 517 2996 369.
534 2933 582 3011 ΙΙ,
602 2937 678 2997 1961
697 2960 765 2998 eum
781 2935 919 2996 deorsum
934 2945 1044 2999 ennete
1059 2942 1202 3000 ferantur.
1226 2938 1299 2998 202.

147 3039 219 3100 965.
239 3039 315 3100 9171
341 3061 465 3119 corpora
485 3061 553 3099 eum
573 3037 709 3100 deorsum
730 3045 848 3100 rectum
868 3063 922 3120 per
940 3044 1029 3102 inane
1047 3044 1194 3102 seruntur.
1227 3042 1300 3101 221.

145 3138 213 3216 ΙΙΙ,
233 3142 330 3204 10161
358 3145 395 3202 de
419 3163 488 3204 sero
512 3145 603 3203 inetu’
625 3140 773 3202 deorsum.
820 3139 874 3202 sie
895 3162 1028 3224 prorsus
1052 3140 1184 3224 egregie
1204 3140 1302 3204 Lum-

146 3241 243 3304 binus
267 3263 325 3324 pro
349 3249 447 3306 iaetus
472 3268 585 3307 eorum.
615 3242 678 3319 IV,
701 3245 773 3306 698.
800 3243 842 3321 V,
867 3247 944 3308 5141
970 3250 1129 3308 intendere
1153 3245 1301 3306 deorsum.

146 3343 200 3407 sis
227 3344 364 3407 Lachm.
397 3367 455 3429 pro
487 3351 602 3409 eodem.
642 3344 704 3423 VI,
728 3349 807 3409 335:
833 3352 911 3411 adde
940 3353 1022 3430 quod
1049 3353 1171 3412 omnino
1196 3357 1304 3411 nature

147 3453 279 3530 pondera
295 3448 432 3509 deorsum
447 3453 548 3511 omnia
563 3455 714 3512 nituntur.

232 3549 388 3621 Seorsum,
419 3571 554 3625 seorsus,
591 3551 679 3633 quod
711 3549 812 3614 etium
841 3550 1044 3634 disyllabum
1075 3559 1142 3630 est,
1175 3573 1301 3615 sorsum.

146 3650 194 3728 II,
218 3653 296 3714 3651
322 3675 420 3734 neque
440 3659 472 3716 in
495 3678 583 3716 omne
604 3675 735 3716 seorsum
757 3659 837 3718 unde
857 3663 961 3718 coorta
982 3665 1073 3738 queat
1093 3679 1172 3719 nova
1192 3660 1237 3718 vis
1260 3661 1304 3718 in-

146 3778 284 3837 rumpere
301 3759 395 3832 eett.,
414 3775 454 3817 ex
470 3754 555 3818 noni.
567 3754 783 3820 Lachmanni.
801 3757 848 3835 II,
867 3761 946 3820 6841
964 3764 1053 3822 nidor
1068 3764 1148 3822 enim
1163 3767 1304 3841 penetrat

146 3883 206 3940 qun
220 3863 307 3920 tirsus
323 3881 384 3921 non
403 3863 429 3921 it
444 3864 476 3921 in
492 3869 584 3936 artus,
604 3864 689 3921 fucus
704 3864 779 3922 item
795 3881 921 3933 sonsum,
939 3881 1052 3923 sorsum
1069 3885 1157 3943 sapor
1172 3866 1304 3925 insinua·

146 3971 197 4022 tur
217 3964 363 4038 sensibus,
379 3961 421 4023 nd
437 3983 469 4042 q.
486 3961 510 4023 l.
527 3959 682 4024 Luehm.:
710 3987 844 4040 „sorsum
860 3962 911 4026 bis
926 3962 1137 4026 scribendum
1151 3969 1216 4040 est,
1238 3984 1305 4025 non

148 4082 222 4123 eum
231 4061 349 4125 Vossio
365 4087 499 4128 seorsum
515 4069 550 4128 et
565 4089 707 4128 seorsum.
724 4063 772 4127 ita
787 4064 821 4127 in
835 4065 897 4144 IV,
914 4069 978 4130 494
989 4065 1112 4128 Sensus
1127 4071 1202 4129 item
1217 4090 1306 4149 sapor

147 4170 206 4227 oris
216 4171 388 4244 hebetvim,
404 4187 522 4230 seorsus
532 4173 636 4232 odores
647 4174 832 4246 Nascuntur,
847 4190 962 4231 sursunt
971 4174 1097 4232 sonitus.
1124 4167 1304 4252 [oblongus

146 4291 280 4332 seorsum
302 4273 386 4346 item,
409 4274 496 4333 etv.
518 4272 580 4334 495
605 4270 783 4353 quadratus
806 4295 939 4335 seorsum
962 4271 1124 4355 sonitus]“.
1149 4269 1216 4347 ΙΙΙ,
1243 4273 1303 4334 560

147 4376 242 4433 divisa
261 4391 402 4434 uenenum.
428 4375 488 4436 551
509 4399 651 4437 seorsum.
677 4376 738 4436 639
759 4399 884 4453 sorsum,
906 4372 987 4438 item
1007 4375 1067 4438 637
1093 4381 1127 4436 et
1143 4376 1216 4438 669.
1240 4372 1302 4450 IV,
