2944 4968
371 392 470 438 ossus
493 391 795 437 sunsrsnnvonun.
821 391 978 436 nonusis.
1210 375 1250 437 31

92 561 123 638 1,
143 563 199 624 16:
218 583 275 644 qao
292 585 442 645 quamque
463 566 605 624 inducere
625 566 735 643 pergis.
766 581 798 621 v.
817 561 855 623 51
866 583 873 618 :
897 581 991 642 quove
1011 564 1116 626 eadem
1135 585 1254 626 rursum

93 674 205 730 natura
226 675 382 749 perempta
402 669 542 729 resolvat.
573 662 618 725 ib.
636 685 667 724 v.
688 665 766 726 122:
790 683 847 746 qao
864 687 961 745 neque
973 668 1176 743 permaneant
1192 669 1255 726 ani·

93 791 171 845 mae,
191 766 232 828 de
249 788 313 848 quo
329 768 403 830 loao
421 766 494 829 vide
510 765 661 842 Laobm,
685 771 742 858 aut
757 770 939 844 permanent
960 763 1170 828 scribendum
1191 771 1252 842 est,

94 876 153 932 aut
173 889 248 932 oum
268 876 451 932 correctore
473 868 563 930 Viot.
589 875 622 930 et
638 867 696 930 Pio
707 867 903 948 perveniant,
923 888 953 928 v.
972 866 1114 930 Pollium
1135 866 1253 950 philol.

93 970 161 1033 vol.
181 970 311 1048 XXVI,
328 994 361 1054 p.
374 973 447 1036 299.
473 994 505 1034 v.
521 973 601 1035 3⁷4:
617 991 675 1054 qao
691 977 809 1054 possint
824 974 965 1034 sedentes
980 976 1129 1034 confluere
1145 976 1253 1034 undae.

93 1075 170 1136 378.
187 1076 261 1138 380.
280 1097 311 1136 v.
330 1077 407 1138 546:
431 1079 554 1138 dissolvi
575 1095 632 1158 qao
652 1097 788 1156 quaeque
810 1097 949 1157 supremo
969 1083 1105 1156 tempore
1128 1078 1254 1155 possint,

99 1205 131 1228 =
157 1174 191 1239 in
213 1196 308 1258 quae.
339 1197 371 1240 v.
390 1179 467 1240 699:
491 1198 548 1260 qao
568 1183 730 1241 referemus
751 1180 853 1247 enim‘l
884 1178 1035 1239 v.1077:
1059 1197 1115 1260 qao
1132 1201 1256 1259 corpora

95 1305 163 1342 com
178 1287 334 1343 venerunt.
352 1279 399 1356 11,
413 1283 486 1342 958.
499 1280 578 1342 318:
596 1300 652 1362 qao
668 1304 819 1362 quamque
835 1288 977 1342 vocantes
991 1284 1125 1342 invitant
1135 1282 1254 1341 herbae.

96 1383 193 1446 1046.
211 1383 307 1446 1047.
338 1380 497 1458 1V,166:
519 1387 748 1464 speculumque
768 1406 896 1464 eumque
917 1387 1102 1444 obvertimus
1118 1387 1187 1456 oris,
1209 1406 1255 1444 res

95 1491 155 1548 sibi
174 1489 367 1567 respondent.
398 1483 554 1546 boehm:
576 1506 659 1566 „qao
679 1505 802 1566 olimque
824 1483 853 1545 I.
875 1483 910 1546 F.
936 1482 1121 1547 Gronovius
1142 1483 1176 1546 in
1197 1483 1254 1546 ob·

96 1587 320 1650 servationem
341 1585 426 1649 libro
443 1586 510 1664 111,
528 1589 568 1650 19
589 1609 620 1669 p.
641 1588 701 1649 699
723 1607 780 1648 our
800 1585 883 1648 ferre
904 1585 989 1648 nolit
1006 1593 1039 1648 et
1056 1585 1180 1649 scribat
1195 1608 1253 1669 qao

97 1711 236 1774 statque,
267 1709 318 1751 me
348 1711 414 1752 non
438 1688 634 1771 intellegere
659 1687 779 1751 fateor:
812 1687 925 1751 videor
950 1687 1036 1751 enim
1060 1687 1141 1750 mihi
1164 1695 1254 1750 reete

97 1791 246 1856 dicturus
269 1813 340 1856 esse
362 1799 387 1856 si
406 1797 562 1874 speculum
582 1798 641 1854 huo
661 1790 707 1873 (id
727 1797 779 1853 ost
798 1790 830 1852 iu
851 1791 929 1852 lano
950 1797 1089 1874 partem,
1113 1789 1254 1854 velutin

96 1895 248 1964 dextram
268 1915 373 1966 meam
395 1900 429 1958 et
450 1894 547 1977 paulo
570 1901 646 1978 post
667 1893 700 1956 in
716 1892 895 1976 sinistram)
911 1903 997 1958 verto
1013 1899 1051 1958 ob
1067 1900 1254 1976 superficiem

97 2003 150 2075 rei,
172 2003 222 2060 hio
247 1995 291 2079 (id
320 2003 371 2060 ost
395 1996 491 2060 modo
516 1996 550 2059 in
575 1997 701 2074 dextra,
728 1994 825 2060 modo
850 1995 884 2058 in
906 1995 1051 2078 sinistra)
1074 2003 1187 2080 speeies
1208 2003 1254 2060 illi

97 2105 204 2164 similis
219 2105 412 2182 respondet.“
439 2123 469 2162 v.
491 2102 587 2163 1046:
606 2106 700 2164 eicere
716 2104 748 2162 id
764 2120 820 2182 qao
837 2123 868 2162 se
884 2105 1043 2163 contendit
1059 2104 1123 2178 dira
1139 2105 1253 2165 lubido.

104 2203 141 2282 V,
158 2205 212 2268 36.
238 2201 299 2280 VI,
317 2205 395 2264 896:
422 2224 478 2286 qao
503 2227 572 2266 oum
596 2208 782 2266 conveniunt
805 2212 859 2266 aut
884 2207 916 2265 ln
939 2208 1039 2266 taedai
1059 2227 1182 2285 corpore
1204 2208 1254 2268 ad·

98 2313 232 2380 haerent.
263 2303 545 2386 Interrogativum
561 2311 613 2368 est
629 2305 671 2381 V,
689 2307 767 2366 328:
791 2327 848 2388 qao
864 2316 912 2369 tot
927 2311 1008 2369 faeta
1021 2311 1119 2369 virum
1140 2313 1254 2370 totiens

100 2413 241 2470 cecidere.
274 2405 419 2470 Additur
434 2407 487 2479 ad,
505 2414 543 2468 ut
558 2406 617 2468 fiat
633 2429 689 2490 qao
705 2408 757 2481 od.
790 2407 832 2484 V,
852 2409 952 2471 1033:
976 2415 1078 2472 Sentit
1093 2414 1173 2472 enim
1193 2414 1255 2472 vim

99 2515 226 2592 quisque
242 2534 326 2572 suam
341 2509 398 2592 qao
415 2509 457 2570 ad
471 2515 567 2592 possit
581 2515 677 2572 abuti.
708 2509 765 2571 L.:
789 2509 869 2587 „sio
890 2509 1071 2574 Lambinus
1092 2510 1145 2572 hio
1169 2516 1206 2572 ut
1220 2510 1254 2573 in

98 2612 147 2689 II,
164 2615 225 2676 8511
249 2612 320 2694 [quo
336 2611 378 2673 ad
392 2609 500 2694 lioet],
522 2609 545 2672 i.
569 2632 597 2673 o.
620 2633 684 2693 qua
704 2619 814 2674 tenus.
838 2611 1015 2688 in11,248
1038 2619 1119 2696 qnod
1135 2638 1254 2678 cornere

100 2721 193 2798 possis
216 2713 295 2777 ferri
318 2719 446 2797 potest,
473 2713 530 2776 sed
556 2714 662 2777 bonus
684 2712 845 2796 interpres
866 2712 955 2776 dioet
975 2736 1032 2798 qao
1052 2716 1107 2792 ad,
1130 2736 1197 2778 non
1217 2721 1255 2778 ut

100 2817 288 2893 Creeohius,
314 2827 345 2880 et
369 2822 426 2880 hoo
450 2822 507 2899 ipsi
532 2823 611 2880 oouli
636 2822 875 2881 demonstrant.“
915 2815 957 2894 V,
986 2819 1083 2880 1273:
1111 2827 1142 2880 et
1165 2823 1255 2882 simul

100 2945 209 3005 eaquae
229 2926 270 2985 sit
288 2925 365 2997 finis,
386 2941 443 3002 qao
465 2920 506 2982 ad
526 2926 645 2985 moenia
664 2925 770 2984 mundi
786 2925 910 2984 solliciti
925 2931 1026 2984 motus
1042 2926 1123 2984 huno
1138 2927 1255 3003 possint

99 3031 176 3088 ferre
191 3028 333 3087 laborem.
364 3021 407 3098 V,
427 3023 521 3085 1433.
538 3029 604 3099 Quo
625 3059 655 3070 -
677 3049 772 3106 usque
788 3023 912 3106 legitur
927 3023 974 3100 11,
994 3026 1088 3086 1046.

187 3123 360 3188 Pertinent
383 3125 447 3185 huo
473 3123 654 3188 accusativi
678 3125 882 3190 adverbiales
904 3124 1124 3209 quantitatem
1146 3124 1254 3190 inten-
1370 3167 1372 3174 ·

100 3228 203 3292 sivam
227 3226 295 3290 sive
320 3226 457 3310 gradum
485 3226 718 3309 exprimentes.
753 3227 807 3291 Sio
827 3228 876 3308 II,
898 3231 962 3292 484
981 3228 1108 3290 maltam
1130 3234 1253 3292 variare.

100 3330 160 3408 IV,
179 3333 276 3395 1248:
300 3331 427 3392 ravellam
449 3336 621 3394 harmoniae
639 3337 762 3394 Veneris
782 3331 905 3416 dfflarre
925 3336 1076 3395 videntur.
1108 3329 1151 3401 V,
1171 3333 1254 3401 1112

100 3458 168 3498 nam
189 3439 279 3497 facies
299 3433 425 3494 maltam
446 3432 557 3494 vomit.
597 3432 658 3510 Vl,
683 3434 780 3496 1176:
807 3440 874 3498 sitis
900 3471 932 3480 -
957 3437 1107 3516 aequabat
1128 3435 1254 3496 etaltera

100 3543 198 3621 parvis
226 3539 381 3599 umoribus
408 3540 545 3599 imbrem.
584 3535 768 3619 Plostraque
793 3535 860 3614 III,
887 3538 959 3600 256.
987 3538 1060 3600 297.
1086 3537 1160 3600 387.
1191 3535 1253 3614 IV,

103 3642 198 3704 lota:
217 3662 346 3720 namque
362 3661 466 3702 omnes
480 3639 658 3722 pleramque
673 3643 787 3702 eadunt
802 3645 834 3702 in
849 3644 969 3704 vulnus.
1000 3661 1030 3701 v.
1050 3641 1149 3702 1236:
1174 3644 1254 3721 quod

93 3744 271 3825 pleramque
286 3748 404 3822 putant.
427 3742 521 3804 1265.
542 3739 583 3816 V,
602 3740 776 3816 1115.1V‚
796 3744 980 3806 ltddz'nam
995 3747 1113 3805 steriles
1129 3741 1255 3804 anniam

100 3870 195 3908 crasso
211 3853 283 3907 sunt
298 3848 411 3908 semiue
428 3847 548 3926 partim.
578 3840 639 3916 IV,
657 3843 735 3906 417:
760 3867 778 3906 a
796 3849 884 3907 terris
907 3829 1052 3928 quantam
1074 3849 1149 3908 caeli
1170 3853 1255 3925 patet

101 3952 178 4010 altus
198 3952 308 4010 hiatus.
344 3944 382 4022 V,
404 3947 464 4008 561
487 3949 634 4028 qnantum
653 3951 753 4008 tenuis
775 3954 883 4010 natura
904 3947 1005 4009 valere
1021 3952 1125 4030 possit.
1158 3945 1200 4022 V,
1217 3947 1263 4025 ὃς,

102 4055 203 4130 quisve
219 4051 302 4112 valet
323 4053 419 4113 verbis
442 4053 571 4110 tantam.
604 4047 646 4125 V,
665 4050 742 4112 613:
765 4054 887 4113 aestifer
906 4060 942 4113 ut
962 4055 1082 4112 tantam
1102 4054 1254 4113 radiorum

101 4160 245 4233 exaugeat
268 4157 373 4234 iatum.
409 4149 462 4212 Sia
484 4149 650 4214 Antonius
670 4149 766 4214 Marii
793 4158 826 4214 et
847 4151 1020 4216 Marullus.
1059 4160 1103 4218 Ut
1122 4162 1253 4228 tantum,

89 4259 260 4337 ,quantum
274 4252 402 4316 seilicet
417 4251 487 4316 fieri
495 4251 733 4334 intellegimus,
750 4260 903 4318 radiorum
913 4264 1060 4336 exaugeat
1068 4261 1164 4318 iatum
1175 4254 1251 4334 (Ia).
1268 4278 1273 4285 ·

101 4358 128 4435 Ι,
146 4359 206 4426 361
231 4356 409 4420 tantundem
423 4357 558 4436 pandere
581 4369 707 4438 pareat.
739 4358 799 4422 967
820 4363 1011 4422 tantundem.
1041 4356 1085 4434 V,
1105 4360 1168 4420 aaa
1187 4368 1253 4420 tan·
