<?xml version="1.0" encoding="UTF-8"?>
<!DOCTYPE html PUBLIC "-//W3C//DTD XHTML 1.0 Transitional//EN"
    "http://www.w3.org/TR/xhtml1/DTD/xhtml1-transitional.dtd">
<html xmlns="http://www.w3.org/1999/xhtml" xml:lang="en" lang="en">
 <head>
  <title>
</title>
<meta http-equiv="Content-Type" content="text/html;charset=utf-8" />
  <meta name='ocr-system' content='tesseract 3.04.00' />
  <meta name='ocr-capabilities' content='ocr_page ocr_carea ocr_par ocr_line ocrx_word'/>
</head>
<body>
  <div class='ocr_page' id='page_1' title='image "./syntaxislucreti01holtgoog_0019.png"; bbox 0 0 2944 4968; ppageno 0'>
   <div class='ocr_carea' id='block_1_1' title="bbox 177 364 926 427">
    <p class='ocr_par' dir='ltr' id='par_1_1' title="bbox 177 364 926 427">
     <span class='ocr_line' id='line_1_1' title="bbox 177 364 926 427; baseline -0.001 -2"><span class='ocrx_word' id='word_1_1' title='bbox 177 364 216 427; x_wconf 84' lang='lat'><strong>10</strong></span> <span class='ocrx_word' id='word_1_2' title='bbox 583 379 753 426; x_wconf 79' lang='grc'><strong>55555555.</strong></span> <span class='ocrx_word' id='word_1_3' title='bbox 779 380 851 426; x_wconf 75' lang='grc'><strong>555.</strong></span> <span class='ocrx_word' id='word_1_4' title='bbox 876 379 926 426; x_wconf 83' lang='lat'>111.</span> 
     </span>
    </p>
   </div>
   <div class='ocr_carea' id='block_1_2' title="bbox 175 550 1333 2376">
    <p class='ocr_par' dir='ltr' id='par_1_2' title="bbox 175 550 1332 1564">
     <span class='ocr_line' id='line_1_2' title="bbox 178 550 1329 637; baseline -0.005 -19"><span class='ocrx_word' id='word_1_5' title='bbox 178 553 330 618; x_wconf 73' lang='lat' dir='ltr'>Restione</span> <span class='ocrx_word' id='word_1_6' title='bbox 352 552 417 616; x_wconf 84' lang='lat' dir='ltr'>loci</span> <span class='ocrx_word' id='word_1_7' title='bbox 439 558 630 637; x_wconf 85' lang='lat' dir='ltr'>usurpatum</span> <span class='ocrx_word' id='word_1_8' title='bbox 647 551 692 614; x_wconf 85' lang='lat' dir='ltr'><strong>sit</strong></span> <span class='ocrx_word' id='word_1_9' title='bbox 708 550 805 614; x_wconf 84' lang='lat' dir='ltr'>etiam</span> <span class='ocrx_word' id='word_1_10' title='bbox 823 551 852 629; x_wconf 94' lang='grc' dir='ltr'><strong>Ι,</strong></span> <span class='ocrx_word' id='word_1_11' title='bbox 870 555 946 614; x_wconf 83' lang='lat'><strong>356:</strong></span> <span class='ocrx_word' id='word_1_12' title='bbox 971 557 1125 634; x_wconf 89' lang='lat' dir='ltr'>quodnisi</span> <span class='ocrx_word' id='word_1_13' title='bbox 1142 555 1329 628; x_wconf 87' lang='lat' dir='ltr'>inaniasiut‚</span> 
     </span>
     <span class='ocr_line' id='line_1_3' title="bbox 176 659 1329 743; baseline -0.003 -23"><span class='ocrx_word' id='word_1_14' title='bbox 176 681 236 743; x_wconf 82' lang='lat' dir='ltr'><strong>que</strong></span> <span class='ocrx_word' id='word_1_15' title='bbox 252 666 375 742; x_wconf 86' lang='lat' dir='ltr'>possent</span> <span class='ocrx_word' id='word_1_16' title='bbox 390 681 514 740; x_wconf 81' lang='lat' dir='ltr'>corpora</span> <span class='ocrx_word' id='word_1_17' title='bbox 529 680 664 738; x_wconf 87' lang='lat' dir='ltr'>quaeque</span> <span class='ocrx_word' id='word_1_18' title='bbox 680 661 806 720; x_wconf 86' lang='lat' dir='ltr'>transire</span> <span class='ocrx_word' id='word_1_19' title='bbox 822 660 903 718; x_wconf 89' lang='lat' dir='ltr'>haud</span> <span class='ocrx_word' id='word_1_20' title='bbox 916 660 978 718; x_wconf 85' lang='lat' dir='ltr'>ulla</span> <span class='ocrx_word' id='word_1_21' title='bbox 993 661 1057 719; x_wconf 86' lang='lat' dir='ltr'>lieri</span> <span class='ocrx_word' id='word_1_22' title='bbox 1073 661 1188 718; x_wconf 76' lang='lat' dir='ltr'>ratione</span> <span class='ocrx_word' id='word_1_23' title='bbox 1203 659 1329 732; x_wconf 86' lang='lat' dir='ltr'>videres,</span> 
     </span>
     <span class='ocr_line' id='line_1_4' title="bbox 178 755 1329 843; baseline -0.003 -21"><span class='ocrx_word' id='word_1_24' title='bbox 178 783 372 843; x_wconf 87' lang='lat' dir='ltr'>quamquam</span> <span class='ocrx_word' id='word_1_25' title='bbox 390 759 490 823; x_wconf 84' lang='lat' dir='ltr'>etiam</span> <span class='ocrx_word' id='word_1_26' title='bbox 505 757 644 821; x_wconf 88' lang='lat' dir='ltr'>modalis</span> <span class='ocrx_word' id='word_1_27' title='bbox 661 779 732 820; x_wconf 86' lang='lat' dir='ltr'>esse</span> <span class='ocrx_word' id='word_1_28' title='bbox 748 761 861 841; x_wconf 88' lang='lat' dir='ltr'>potest</span> <span class='ocrx_word' id='word_1_29' title='bbox 877 755 1092 840; x_wconf 82' lang='lat' dir='ltr'>significatio,</span> <span class='ocrx_word' id='word_1_30' title='bbox 1117 779 1199 839; x_wconf 83' lang='lat' dir='ltr'>quae</span> <span class='ocrx_word' id='word_1_31' title='bbox 1216 755 1329 819; x_wconf 80' lang='grc'><strong>555515-</strong></span> 
     </span>
     <span class='ocr_line' id='line_1_5' title="bbox 177 860 1330 944; baseline -0.004 -18"><span class='ocrx_word' id='word_1_32' title='bbox 177 863 259 926; x_wconf 88' lang='lat' dir='ltr'>sima</span> <span class='ocrx_word' id='word_1_33' title='bbox 275 869 327 926; x_wconf 86' lang='lat' dir='ltr'><strong>est</strong></span> <span class='ocrx_word' id='word_1_34' title='bbox 341 862 375 925; x_wconf 91' lang='lat' dir='ltr'>in</span> <span class='ocrx_word' id='word_1_35' title='bbox 391 860 481 924; x_wconf 86' lang='lat' dir='ltr'>hisee</span> <span class='ocrx_word' id='word_1_36' title='bbox 498 860 594 923; x_wconf 88' lang='lat' dir='ltr'>loeis:</span> <span class='ocrx_word' id='word_1_37' title='bbox 616 860 644 938; x_wconf 93' lang='grc' dir='ltr'><strong>Ι,</strong></span> <span class='ocrx_word' id='word_1_38' title='bbox 664 862 740 924; x_wconf 80' lang='grc' dir='ltr'><strong>967ι</strong></span> <span class='ocrx_word' id='word_1_39' title='bbox 763 885 801 923; x_wconf 88' lang='grc'><strong>55</strong></span> <span class='ocrx_word' id='word_1_40' title='bbox 816 882 877 944; x_wconf 81' lang='grc'><strong>555</strong></span> <span class='ocrx_word' id='word_1_41' title='bbox 898 866 976 924; x_wconf 86' lang='lat' dir='ltr'>forte</span> <span class='ocrx_word' id='word_1_42' title='bbox 998 870 1100 923; x_wconf 88' lang='lat' dir='ltr'>tamen</span> <span class='ocrx_word' id='word_1_43' title='bbox 1116 869 1236 943; x_wconf 77' lang='lat' dir='ltr'>coeptes</span> <span class='ocrx_word' id='word_1_44' title='bbox 1253 864 1330 922; x_wconf 82' lang='lat' dir='ltr'>diffi-</span> 
     </span>
     <span class='ocr_line' id='line_1_6' title="bbox 177 961 1328 1046; baseline -0.006 -16"><span class='ocrx_word' id='word_1_45' title='bbox 177 972 246 1030; x_wconf 85' lang='lat' dir='ltr'>dere</span> <span class='ocrx_word' id='word_1_46' title='bbox 262 972 361 1030; x_wconf 86' lang='grc'><strong>615515.</strong></span> <span class='ocrx_word' id='word_1_47' title='bbox 392 964 459 1041; x_wconf 87' lang='lat' dir='ltr'>III,</span> <span class='ocrx_word' id='word_1_48' title='bbox 479 965 554 1027; x_wconf 79' lang='lat'><strong>⁷36:</strong></span> <span class='ocrx_word' id='word_1_49' title='bbox 578 971 610 1025; x_wconf 89' lang='lat' dir='ltr'><strong>at</strong></span> <span class='ocrx_word' id='word_1_50' title='bbox 631 985 690 1046; x_wconf 80' lang='lat' dir='ltr'><strong>qua</strong></span> <span class='ocrx_word' id='word_1_51' title='bbox 712 969 829 1045; x_wconf 87' lang='lat' dir='ltr'>possint</span> <span class='ocrx_word' id='word_1_52' title='bbox 849 969 898 1026; x_wconf 89' lang='lat' dir='ltr'>via</span> <span class='ocrx_word' id='word_1_53' title='bbox 912 969 998 1026; x_wconf 87' lang='lat' dir='ltr'>nulla</span> <span class='ocrx_word' id='word_1_54' title='bbox 1012 967 1141 1026; x_wconf 84' lang='lat' dir='ltr'>videtur.</span> <span class='ocrx_word' id='word_1_55' title='bbox 1172 961 1215 1039; x_wconf 87' lang='lat' dir='ltr'><strong>V,</strong></span> <span class='ocrx_word' id='word_1_56' title='bbox 1234 963 1328 1025; x_wconf 90' lang='grc'><strong>1447.</strong></span> 
     </span>
     <span class='ocr_line' id='line_1_7' title="bbox 177 1063 1327 1149; baseline -0.003 -17"><span class='ocrx_word' id='word_1_57' title='bbox 177 1065 997 1149; x_wconf 51' lang='grc'><strong>(155155555555155555555555555555555555).</strong></span> <span class='ocrx_word' id='word_1_58' title='bbox 1045 1063 1144 1142; x_wconf 85' lang='lat' dir='ltr'>SieI,</span> <span class='ocrx_word' id='word_1_59' title='bbox 1163 1066 1236 1128; x_wconf 90' lang='grc'><strong>197.</strong></span> <span class='ocrx_word' id='word_1_60' title='bbox 1254 1067 1327 1128; x_wconf 89' lang='grc'><strong>398.</strong></span> 
     </span>
     <span class='ocr_line' id='line_1_8' title="bbox 177 1166 1328 1245; baseline -0.007 -9"><span class='ocrx_word' id='word_1_61' title='bbox 177 1173 249 1236; x_wconf 89' lang='grc'><strong>557.</strong></span> <span class='ocrx_word' id='word_1_62' title='bbox 269 1174 341 1234; x_wconf 88' lang='grc'><strong>635.</strong></span> <span class='ocrx_word' id='word_1_63' title='bbox 361 1172 433 1233; x_wconf 89' lang='grc'><strong>705.</strong></span> <span class='ocrx_word' id='word_1_64' title='bbox 453 1168 659 1245; x_wconf 89' lang='grc'><strong>794.11,3.7</strong></span> <span class='ocrx_word' id='word_1_65' title='bbox 679 1171 751 1231; x_wconf 88' lang='grc'><strong>155</strong></span> <span class='ocrx_word' id='word_1_66' title='bbox 769 1169 843 1230; x_wconf 87' lang='grc'><strong>313</strong></span> <span class='ocrx_word' id='word_1_67' title='bbox 861 1171 934 1230; x_wconf 93' lang='grc'><strong>998.</strong></span> <span class='ocrx_word' id='word_1_68' title='bbox 954 1169 1048 1231; x_wconf 91' lang='grc'><strong>1949.</strong></span> <span class='ocrx_word' id='word_1_69' title='bbox 1067 1171 1162 1232; x_wconf 89' lang='grc'><strong>1984.</strong></span> <span class='ocrx_word' id='word_1_70' title='bbox 1179 1166 1241 1244; x_wconf 89' lang='grc'><strong>17,</strong></span> <span class='ocrx_word' id='word_1_71' title='bbox 1256 1170 1328 1230; x_wconf 88' lang='grc'><strong>154.</strong></span> 
     </span>
     <span class='ocr_line' id='line_1_9' title="bbox 177 1269 1331 1355; baseline -0.007 -16"><span class='ocrx_word' id='word_1_72' title='bbox 177 1278 249 1339; x_wconf 89' lang='grc'><strong>191.</strong></span> <span class='ocrx_word' id='word_1_73' title='bbox 269 1275 342 1337; x_wconf 89' lang='grc'><strong>937</strong></span> <span class='ocrx_word' id='word_1_74' title='bbox 361 1269 1331 1355; x_wconf 65' lang='grc'><strong>7,943.581.815516555155551555611155555555555-</strong></span> 
     </span>
     <span class='ocr_line' id='line_1_10' title="bbox 175 1373 1332 1461; baseline -0.003 -22"><span class='ocrx_word' id='word_1_75' title='bbox 175 1399 274 1461; x_wconf 81' lang='grc'><strong>55555.</strong></span> <span class='ocrx_word' id='word_1_76' title='bbox 301 1375 369 1453; x_wconf 91' lang='grc' dir='ltr'><strong>ΙΙΙ,</strong></span> <span class='ocrx_word' id='word_1_77' title='bbox 387 1377 462 1438; x_wconf 88' lang='grc'><strong>993.</strong></span> <span class='ocrx_word' id='word_1_78' title='bbox 488 1373 552 1452; x_wconf 92' lang='lat' dir='ltr'><strong>IV,</strong></span> <span class='ocrx_word' id='word_1_79' title='bbox 574 1376 647 1437; x_wconf 87' lang='grc'><strong>593.</strong></span> <span class='ocrx_word' id='word_1_80' title='bbox 675 1373 717 1451; x_wconf 90' lang='lat' dir='ltr'><strong>V,</strong></span> <span class='ocrx_word' id='word_1_81' title='bbox 737 1375 814 1436; x_wconf 83' lang='lat'>533:</span> <span class='ocrx_word' id='word_1_82' title='bbox 847 1380 1016 1457; x_wconf 75' lang='lat' dir='ltr'>praecipere</span> <span class='ocrx_word' id='word_1_83' title='bbox 1046 1375 1122 1436; x_wconf 76' lang='lat' dir='ltr'>boet</span> <span class='ocrx_word' id='word_1_84' title='bbox 1152 1381 1332 1457; x_wconf 73' lang='lat' dir='ltr'><strong><em>quaquamst</em></strong></span> 
     </span>
     <span class='ocr_line' id='line_1_11' title="bbox 176 1477 1271 1564; baseline -0.005 -20"><span class='ocrx_word' id='word_1_85' title='bbox 176 1485 375 1564; x_wconf 87' lang='lat' dir='ltr'>pedetemtim</span> <span class='ocrx_word' id='word_1_86' title='bbox 391 1483 622 1560; x_wconf 82' lang='lat' dir='ltr'>progredientis.</span> <span class='ocrx_word' id='word_1_87' title='bbox 655 1479 719 1539; x_wconf 88' lang='grc'><strong>884</strong></span> <span class='ocrx_word' id='word_1_88' title='bbox 733 1481 821 1540; x_wconf 86' lang='lat' dir='ltr'>floret</span> <span class='ocrx_word' id='word_1_89' title='bbox 836 1501 915 1555; x_wconf 86' lang='lat' dir='ltr'>eous,</span> <span class='ocrx_word' id='word_1_90' title='bbox 932 1501 1006 1560; x_wconf 89' lang='lat' dir='ltr'>puer</span> <span class='ocrx_word' id='word_1_91' title='bbox 1020 1477 1096 1540; x_wconf 80' lang='grc'><strong>5555</strong></span> <span class='ocrx_word' id='word_1_92' title='bbox 1112 1497 1271 1560; x_wconf 81' lang='lat' dir='ltr'><strong>quaquam.</strong></span> 
     </span>
    </p>

    <p class='ocr_par' dir='ltr' id='par_1_3' title="bbox 175 1577 1333 2180">
     <span class='ocr_line' id='line_1_12' title="bbox 263 1577 1330 1658; baseline -0.004 -14"><span class='ocrx_word' id='word_1_93' title='bbox 263 1580 380 1658; x_wconf 80' lang='lat' dir='ltr'>Harl,</span> <span class='ocrx_word' id='word_1_94' title='bbox 403 1582 504 1644; x_wconf 83' lang='lat'>1113:</span> <span class='ocrx_word' id='word_1_95' title='bbox 530 1581 587 1641; x_wconf 84' lang='grc'><strong>555</strong></span> <span class='ocrx_word' id='word_1_96' title='bbox 611 1605 641 1642; x_wconf 90' lang='grc'><strong>55</strong></span> <span class='ocrx_word' id='word_1_97' title='bbox 665 1582 756 1642; x_wconf 84' lang='lat' dir='ltr'>turba</span> <span class='ocrx_word' id='word_1_98' title='bbox 775 1585 853 1643; x_wconf 86' lang='lat' dir='ltr'>foras</span> <span class='ocrx_word' id='word_1_99' title='bbox 875 1584 961 1644; x_wconf 83' lang='lat' dir='ltr'>dabit</span> <span class='ocrx_word' id='word_1_100' title='bbox 980 1583 1076 1643; x_wconf 84' lang='lat' dir='ltr'>omnis</span> <span class='ocrx_word' id='word_1_101' title='bbox 1096 1585 1242 1642; x_wconf 81' lang='lat' dir='ltr'>materiai.</span> <span class='ocrx_word' id='word_1_102' title='bbox 1268 1577 1330 1655; x_wconf 92' lang='grc'><strong>71,</strong></span> 
     </span>
     <span class='ocr_line' id='line_1_13' title="bbox 177 1681 1332 1766; baseline -0.004 -18"><span class='ocrx_word' id='word_1_103' title='bbox 177 1687 238 1749; x_wconf 91' lang='grc'><strong>697</strong></span> <span class='ocrx_word' id='word_1_104' title='bbox 260 1685 317 1746; x_wconf 88' lang='grc'><strong>555</strong></span> <span class='ocrx_word' id='word_1_105' title='bbox 338 1685 383 1766; x_wconf 88' lang='lat' dir='ltr'><strong>(h.</strong></span> <span class='ocrx_word' id='word_1_106' title='bbox 407 1704 435 1745; x_wconf 89' lang='lat' dir='ltr'><strong>e.</strong></span> <span class='ocrx_word' id='word_1_107' title='bbox 457 1699 515 1766; x_wconf 91' lang='lat' dir='ltr'><strong>per</strong></span> <span class='ocrx_word' id='word_1_108' title='bbox 535 1681 720 1766; x_wconf 78' lang='lat' dir='ltr'>speluncas)</span> <span class='ocrx_word' id='word_1_109' title='bbox 741 1688 785 1745; x_wconf 86' lang='lat' dir='ltr'><strong>ire</strong></span> <span class='ocrx_word' id='word_1_110' title='bbox 804 1687 993 1746; x_wconf 71' lang='lat' dir='ltr'>fatendumst</span> <span class='ocrx_word' id='word_1_111' title='bbox 1014 1691 1045 1746; x_wconf 90' lang='lat' dir='ltr'><strong>et</strong></span> <span class='ocrx_word' id='word_1_112' title='bbox 1066 1691 1223 1765; x_wconf 83' lang='lat' dir='ltr'>penetrare</span> <span class='ocrx_word' id='word_1_113' title='bbox 1243 1686 1332 1744; x_wconf 87' lang='lat' dir='ltr'>maris</span> 
     </span>
     <span class='ocr_line' id='line_1_14' title="bbox 176 1783 1333 1871; baseline -0.006 -20"><span class='ocrx_word' id='word_1_114' title='bbox 176 1793 297 1871; x_wconf 82' lang='lat' dir='ltr'>penitus</span> <span class='ocrx_word' id='word_1_115' title='bbox 314 1797 453 1870; x_wconf 84' lang='lat' dir='ltr'>pereocta</span> <span class='ocrx_word' id='word_1_116' title='bbox 469 1791 500 1849; x_wconf 91' lang='lat' dir='ltr'>in</span> <span class='ocrx_word' id='word_1_117' title='bbox 516 1795 663 1868; x_wconf 83' lang='lat' dir='ltr'>apertum.</span> <span class='ocrx_word' id='word_1_118' title='bbox 689 1783 749 1861; x_wconf 92' lang='grc'><strong>71,</strong></span> <span class='ocrx_word' id='word_1_119' title='bbox 768 1787 830 1848; x_wconf 88' lang='grc'><strong>994</strong></span> <span class='ocrx_word' id='word_1_120' title='bbox 851 1811 921 1849; x_wconf 89' lang='lat' dir='ltr'><strong>nam</strong></span> <span class='ocrx_word' id='word_1_121' title='bbox 941 1792 1031 1849; x_wconf 88' lang='lat' dir='ltr'>fluere</span> <span class='ocrx_word' id='word_1_122' title='bbox 1046 1787 1103 1848; x_wconf 84' lang='grc'><strong>555</strong></span> <span class='ocrx_word' id='word_1_123' title='bbox 1118 1791 1241 1867; x_wconf 84' lang='lat' dir='ltr'>speeies,</span> <span class='ocrx_word' id='word_1_124' title='bbox 1257 1783 1333 1845; x_wconf 78' lang='grc'><strong>55555</strong></span> 
     </span>
     <span class='ocr_line' id='line_1_15' title="bbox 176 1884 1330 1970; baseline -0.008 -16"><span class='ocrx_word' id='word_1_125' title='bbox 176 1897 257 1954; x_wconf 89' lang='lat' dir='ltr'>ealor</span> <span class='ocrx_word' id='word_1_126' title='bbox 276 1895 320 1954; x_wconf 91' lang='lat' dir='ltr'><strong>ire</strong></span> <span class='ocrx_word' id='word_1_127' title='bbox 344 1894 474 1954; x_wconf 86' lang='lat' dir='ltr'>videtur.</span> <span class='ocrx_word' id='word_1_128' title='bbox 511 1887 732 1970; x_wconf 83' lang='lat' dir='ltr'>Coniungitur</span> <span class='ocrx_word' id='word_1_129' title='bbox 752 1910 825 1950; x_wconf 87' lang='lat' dir='ltr'><strong>uum</strong></span> <span class='ocrx_word' id='word_1_130' title='bbox 846 1894 918 1950; x_wconf 83' lang='grc'><strong>5555</strong></span> <span class='ocrx_word' id='word_1_131' title='bbox 938 1889 1115 1967; x_wconf 71' lang='lat' dir='ltr'>(antehae)</span> <span class='ocrx_word' id='word_1_132' title='bbox 1142 1887 1171 1965; x_wconf 94' lang='lat' dir='ltr'><strong>l,</strong></span> <span class='ocrx_word' id='word_1_133' title='bbox 1189 1889 1262 1950; x_wconf 87' lang='grc'><strong>541.</strong></span> <span class='ocrx_word' id='word_1_134' title='bbox 1289 1884 1330 1962; x_wconf 89' lang='grc'><strong>7,</strong></span> 
     </span>
     <span class='ocr_line' id='line_1_16' title="bbox 176 1989 1333 2074; baseline -0.003 -18"><span class='ocrx_word' id='word_1_135' title='bbox 176 1996 249 2074; x_wconf 87' lang='grc'><strong>338,</strong></span> <span class='ocrx_word' id='word_1_136' title='bbox 272 2014 346 2055; x_wconf 88' lang='lat' dir='ltr'><strong>oum</strong></span> <span class='ocrx_word' id='word_1_137' title='bbox 361 1997 433 2073; x_wconf 81' lang='grc'><strong>5555</strong></span> <span class='ocrx_word' id='word_1_138' title='bbox 453 1995 535 2071; x_wconf 76' lang='lat' dir='ltr'>(post</span> <span class='ocrx_word' id='word_1_139' title='bbox 553 1991 624 2070; x_wconf 80' lang='grc'><strong>555)</strong></span> <span class='ocrx_word' id='word_1_140' title='bbox 645 1991 675 2070; x_wconf 95' lang='grc' dir='ltr'><strong>Ι,</strong></span> <span class='ocrx_word' id='word_1_141' title='bbox 693 1993 765 2069; x_wconf 87' lang='grc'><strong>693,</strong></span> <span class='ocrx_word' id='word_1_142' title='bbox 790 2012 863 2053; x_wconf 89' lang='lat' dir='ltr'><strong>oum</strong></span> <span class='ocrx_word' id='word_1_143' title='bbox 879 1989 1049 2074; x_wconf 62' lang='grc'><strong>55555111,</strong></span> <span class='ocrx_word' id='word_1_144' title='bbox 1067 1991 1144 2055; x_wconf 75' lang='lat'><strong>274:</strong></span> <span class='ocrx_word' id='word_1_145' title='bbox 1166 2015 1222 2054; x_wconf 86' lang='lat' dir='ltr'><strong>nee</strong></span> <span class='ocrx_word' id='word_1_146' title='bbox 1237 1993 1333 2070; x_wconf 84' lang='lat' dir='ltr'>magis</span> 
     </span>
     <span class='ocr_line' id='line_1_17' title="bbox 175 2095 887 2180; baseline -0.003 -22"><span class='ocrx_word' id='word_1_147' title='bbox 175 2097 232 2158; x_wconf 88' lang='grc'><strong>555</strong></span> <span class='ocrx_word' id='word_1_148' title='bbox 247 2095 333 2180; x_wconf 65' lang='lat' dir='ltr'>iissre</span> <span class='ocrx_word' id='word_1_149' title='bbox 349 2101 511 2178; x_wconf 89' lang='lat' dir='ltr'>quiequam</span> <span class='ocrx_word' id='word_1_150' title='bbox 527 2103 573 2157; x_wconf 87' lang='lat' dir='ltr'><strong>est</strong></span> <span class='ocrx_word' id='word_1_151' title='bbox 588 2099 620 2158; x_wconf 90' lang='lat' dir='ltr'>in</span> <span class='ocrx_word' id='word_1_152' title='bbox 636 2119 759 2176; x_wconf 81' lang='lat' dir='ltr'>corpore</span> <span class='ocrx_word' id='word_1_153' title='bbox 775 2105 887 2158; x_wconf 90' lang='lat' dir='ltr'>nostro.</span> 
     </span>
    </p>

    <p class='ocr_par' dir='ltr' id='par_1_4' title="bbox 176 2194 1330 2376">
     <span class='ocr_line' id='line_1_18' title="bbox 261 2194 1330 2278; baseline -0.006 -18"><span class='ocrx_word' id='word_1_154' title='bbox 261 2198 357 2260; x_wconf 81' lang='grc'><strong>175555</strong></span> <span class='ocrx_word' id='word_1_155' title='bbox 379 2197 407 2275; x_wconf 93' lang='grc' dir='ltr'><strong>Ι,</strong></span> <span class='ocrx_word' id='word_1_156' title='bbox 427 2199 521 2260; x_wconf 94' lang='grc'><strong>1991.</strong></span> <span class='ocrx_word' id='word_1_157' title='bbox 547 2195 610 2274; x_wconf 94' lang='grc'><strong>17,</strong></span> <span class='ocrx_word' id='word_1_158' title='bbox 634 2198 712 2260; x_wconf 68' lang='grc'><strong>6115</strong></span> <span class='ocrx_word' id='word_1_159' title='bbox 739 2207 771 2259; x_wconf 91' lang='grc'><strong>55</strong></span> <span class='ocrx_word' id='word_1_160' title='bbox 790 2221 878 2261; x_wconf 86' lang='lat' dir='ltr'>voees</span> <span class='ocrx_word' id='word_1_161' title='bbox 900 2201 1035 2278; x_wconf 85' lang='lat' dir='ltr'>excipere</span> <span class='ocrx_word' id='word_1_162' title='bbox 1055 2201 1152 2258; x_wconf 81' lang='grc'><strong>55555.</strong></span> <span class='ocrx_word' id='word_1_163' title='bbox 1183 2194 1230 2272; x_wconf 92' lang='grc' dir='ltr'><strong>ΙΙ,</strong></span> <span class='ocrx_word' id='word_1_164' title='bbox 1254 2197 1330 2257; x_wconf 82' lang='lat'>155:</span> 
     </span>
     <span class='ocr_line' id='line_1_19' title="bbox 176 2297 1330 2376; baseline -0.004 -13"><span class='ocrx_word' id='word_1_165' title='bbox 176 2306 462 2364; x_wconf 77' lang='grc'><strong>5555551115155555.</strong></span> <span class='ocrx_word' id='word_1_166' title='bbox 484 2298 551 2376; x_wconf 90' lang='lat' dir='ltr'>III,</span> <span class='ocrx_word' id='word_1_167' title='bbox 570 2301 642 2363; x_wconf 82' lang='lat'><strong>577.</strong></span> <span class='ocrx_word' id='word_1_168' title='bbox 664 2298 706 2376; x_wconf 92' lang='grc'><strong>7,</strong></span> <span class='ocrx_word' id='word_1_169' title='bbox 724 2301 797 2363; x_wconf 90' lang='grc'><strong>361.</strong></span> <span class='ocrx_word' id='word_1_170' title='bbox 817 2298 956 2376; x_wconf 83' lang='grc'><strong>51911,</strong></span> <span class='ocrx_word' id='word_1_171' title='bbox 975 2299 1046 2360; x_wconf 90' lang='grc'><strong>785.</strong></span> <span class='ocrx_word' id='word_1_172' title='bbox 1067 2297 1239 2375; x_wconf 76' lang='grc'><strong>15555111,</strong></span> <span class='ocrx_word' id='word_1_173' title='bbox 1257 2300 1330 2360; x_wconf 89' lang='grc'><strong>599.</strong></span> 
     </span>
    </p>
   </div>
   <div class='ocr_carea' id='block_1_3' title="bbox 173 2400 1334 4435">
    <p class='ocr_par' dir='ltr' id='par_1_5' title="bbox 175 2400 1332 2690">
     <span class='ocr_line' id='line_1_20' title="bbox 176 2400 1332 2487; baseline -0.003 -22"><span class='ocrx_word' id='word_1_174' title='bbox 176 2403 326 2487; x_wconf 72' lang='grc'><strong>1555511,</strong></span> <span class='ocrx_word' id='word_1_175' title='bbox 340 2404 418 2465; x_wconf 68' lang='grc'><strong>8195</strong></span> <span class='ocrx_word' id='word_1_176' title='bbox 438 2407 535 2464; x_wconf 90' lang='lat' dir='ltr'>omnis</span> <span class='ocrx_word' id='word_1_177' title='bbox 551 2408 630 2465; x_wconf 89' lang='lat' dir='ltr'>enim</span> <span class='ocrx_word' id='word_1_178' title='bbox 641 2407 730 2483; x_wconf 86' lang='lat' dir='ltr'>longe</span> <span class='ocrx_word' id='word_1_179' title='bbox 740 2408 851 2466; x_wconf 87' lang='lat' dir='ltr'>nostris</span> <span class='ocrx_word' id='word_1_180' title='bbox 866 2406 903 2464; x_wconf 88' lang='lat' dir='ltr'><strong>ab</strong></span> <span class='ocrx_word' id='word_1_181' title='bbox 913 2406 1049 2464; x_wconf 87' lang='lat' dir='ltr'>sensibus</span> <span class='ocrx_word' id='word_1_182' title='bbox 1065 2400 1151 2486; x_wconf 73' lang='lat' dir='ltr'>infra</span> <span class='ocrx_word' id='word_1_183' title='bbox 1167 2407 1332 2483; x_wconf 90' lang='lat' dir='ltr'>primorum</span> 
     </span>
     <span class='ocr_line' id='line_1_21' title="bbox 175 2503 1332 2588; baseline -0.002 -20"><span class='ocrx_word' id='word_1_184' title='bbox 175 2513 283 2569; x_wconf 89' lang='lat' dir='ltr'>natura</span> <span class='ocrx_word' id='word_1_185' title='bbox 304 2511 392 2568; x_wconf 84' lang='lat' dir='ltr'>iacet.</span> <span class='ocrx_word' id='word_1_186' title='bbox 417 2503 487 2576; x_wconf 88' lang='lat' dir='ltr'>III,</span> <span class='ocrx_word' id='word_1_187' title='bbox 506 2506 563 2567; x_wconf 74' lang='lat'><strong>27:</strong></span> <span class='ocrx_word' id='word_1_188' title='bbox 589 2509 645 2567; x_wconf 92' lang='lat' dir='ltr'>sub</span> <span class='ocrx_word' id='word_1_189' title='bbox 666 2509 794 2586; x_wconf 89' lang='lat' dir='ltr'>pedibus</span> <span class='ocrx_word' id='word_1_190' title='bbox 816 2528 892 2588; x_wconf 89' lang='lat' dir='ltr'>quae</span> <span class='ocrx_word' id='word_1_191' title='bbox 914 2529 1042 2586; x_wconf 89' lang='lat' dir='ltr'>eumque</span> <span class='ocrx_word' id='word_1_192' title='bbox 1063 2503 1151 2587; x_wconf 70' lang='lat' dir='ltr'>iufra</span> <span class='ocrx_word' id='word_1_193' title='bbox 1171 2509 1332 2586; x_wconf 89' lang='lat' dir='ltr'>perinane</span> 
     </span>
     <span class='ocr_line' id='line_1_22' title="bbox 175 2606 1083 2690; baseline -0.001 -20"><span class='ocrx_word' id='word_1_194' title='bbox 175 2617 330 2690; x_wconf 83' lang='lat' dir='ltr'>geruntur.</span> <span class='ocrx_word' id='word_1_195' title='bbox 349 2606 392 2685; x_wconf 91' lang='lat' dir='ltr'><strong>V,</strong></span> <span class='ocrx_word' id='word_1_196' title='bbox 411 2609 508 2671; x_wconf 84' lang='lat'>1371:</span> <span class='ocrx_word' id='word_1_197' title='bbox 527 2606 673 2690; x_wconf 72' lang='grc'><strong>55595555</strong></span> <span class='ocrx_word' id='word_1_198' title='bbox 689 2613 789 2670; x_wconf 79' lang='lat' dir='ltr'>locum</span> <span class='ocrx_word' id='word_1_199' title='bbox 805 2614 967 2672; x_wconf 88' lang='lat' dir='ltr'>eonoedere</span> <span class='ocrx_word' id='word_1_200' title='bbox 984 2612 1083 2670; x_wconf 86' lang='grc'><strong>551515.</strong></span> 
     </span>
    </p>

    <p class='ocr_par' dir='ltr' id='par_1_6' title="bbox 173 2707 1334 3820">
     <span class='ocr_line' id='line_1_23' title="bbox 261 2707 1331 2793; baseline -0.002 -21"><span class='ocrx_word' id='word_1_201' title='bbox 261 2711 374 2792; x_wconf 82' lang='grc'><strong>35555,</strong></span> <span class='ocrx_word' id='word_1_202' title='bbox 401 2708 493 2772; x_wconf 87' lang='grc'><strong>55155</strong></span> <span class='ocrx_word' id='word_1_203' title='bbox 509 2707 675 2793; x_wconf 88' lang='lat' dir='ltr'>primitiva</span> <span class='ocrx_word' id='word_1_204' title='bbox 690 2709 794 2772; x_wconf 87' lang='lat' dir='ltr'>forma</span> <span class='ocrx_word' id='word_1_205' title='bbox 819 2715 871 2772; x_wconf 88' lang='grc'><strong>555</strong></span> <span class='ocrx_word' id='word_1_206' title='bbox 894 2731 1015 2790; x_wconf 83' lang='grc'><strong>555555.</strong></span> <span class='ocrx_word' id='word_1_207' title='bbox 1041 2709 1070 2786; x_wconf 93' lang='grc'><strong>1,</strong></span> <span class='ocrx_word' id='word_1_208' title='bbox 1090 2711 1168 2772; x_wconf 66' lang='grc'><strong>4995</strong></span> <span class='ocrx_word' id='word_1_209' title='bbox 1194 2713 1226 2772; x_wconf 89' lang='grc'><strong>16</strong></span> <span class='ocrx_word' id='word_1_210' title='bbox 1251 2713 1331 2791; x_wconf 92' lang='lat' dir='ltr'>quod</span> 
     </span>
     <span class='ocr_line' id='line_1_24' title="bbox 174 2815 1331 2896; baseline -0.003 -20"><span class='ocrx_word' id='word_1_211' title='bbox 174 2819 234 2876; x_wconf 91' lang='lat' dir='ltr'>iam</span> <span class='ocrx_word' id='word_1_212' title='bbox 249 2834 359 2893; x_wconf 82' lang='grc'><strong>555555</strong></span> <span class='ocrx_word' id='word_1_213' title='bbox 375 2818 434 2876; x_wconf 84' lang='lat' dir='ltr'>tibi</span> <span class='ocrx_word' id='word_1_214' title='bbox 450 2817 539 2896; x_wconf 89' lang='lat' dir='ltr'>paulo</span> <span class='ocrx_word' id='word_1_215' title='bbox 556 2817 742 2875; x_wconf 76' lang='lat' dir='ltr'>ostendimus</span> <span class='ocrx_word' id='word_1_216' title='bbox 758 2821 838 2876; x_wconf 86' lang='lat' dir='ltr'>ante.</span> <span class='ocrx_word' id='word_1_217' title='bbox 856 2815 935 2876; x_wconf 82' lang='lat'>531:</span> <span class='ocrx_word' id='word_1_218' title='bbox 958 2818 989 2874; x_wconf 95' lang='grc'><strong>16</strong></span> <span class='ocrx_word' id='word_1_219' title='bbox 1005 2837 1033 2894; x_wconf 91' lang='lat' dir='ltr'><strong>q.</strong></span> <span class='ocrx_word' id='word_1_220' title='bbox 1049 2817 1069 2874; x_wconf 91' lang='lat' dir='ltr'>i.</span> <span class='ocrx_word' id='word_1_221' title='bbox 1085 2832 1178 2892; x_wconf 83' lang='grc'><strong>55555</strong></span> <span class='ocrx_word' id='word_1_222' title='bbox 1193 2820 1216 2874; x_wconf 90' lang='lat' dir='ltr'><strong>t.</strong></span> <span class='ocrx_word' id='word_1_223' title='bbox 1228 2837 1256 2893; x_wconf 90' lang='lat' dir='ltr'><strong>p.</strong></span> <span class='ocrx_word' id='word_1_224' title='bbox 1268 2837 1294 2874; x_wconf 92' lang='grc' dir='ltr'><strong>ο.</strong></span> <span class='ocrx_word' id='word_1_225' title='bbox 1305 2835 1331 2872; x_wconf 87' lang='lat' dir='ltr'><strong>a.</strong></span> 
     </span>
     <span class='ocr_line' id='line_1_25' title="bbox 174 2914 1331 2998; baseline 0 -22"><span class='ocrx_word' id='word_1_226' title='bbox 174 2915 237 2992; x_wconf 92' lang='grc'><strong>17,</strong></span> <span class='ocrx_word' id='word_1_227' title='bbox 256 2917 329 2978; x_wconf 89' lang='grc'><strong>679.</strong></span> <span class='ocrx_word' id='word_1_228' title='bbox 346 2914 375 2992; x_wconf 92' lang='grc' dir='ltr'><strong>Ι,</strong></span> <span class='ocrx_word' id='word_1_229' title='bbox 395 2918 473 2979; x_wconf 82' lang='lat'>543:</span> <span class='ocrx_word' id='word_1_230' title='bbox 497 2920 638 2998; x_wconf 89' lang='lat' dir='ltr'>quoniam</span> <span class='ocrx_word' id='word_1_231' title='bbox 658 2936 751 2995; x_wconf 82' lang='grc'><strong>55555</strong></span> <span class='ocrx_word' id='word_1_232' title='bbox 767 2920 864 2978; x_wconf 84' lang='lat' dir='ltr'>docui.</span> <span class='ocrx_word' id='word_1_233' title='bbox 888 2917 965 2978; x_wconf 75' lang='lat'><strong>734:</strong></span> <span class='ocrx_word' id='word_1_234' title='bbox 988 2935 1080 2994; x_wconf 79' lang='grc'><strong>55555</strong></span> <span class='ocrx_word' id='word_1_235' title='bbox 1097 2939 1172 2997; x_wconf 89' lang='lat' dir='ltr'>quos</span> <span class='ocrx_word' id='word_1_236' title='bbox 1193 2919 1331 2976; x_wconf 84' lang='lat' dir='ltr'>diximus.</span> 
     </span>
     <span class='ocr_line' id='line_1_26' title="bbox 174 3017 1333 3101; baseline -0.001 -22"><span class='ocrx_word' id='word_1_237' title='bbox 174 3039 206 3079; x_wconf 96' lang='lat' dir='ltr'><strong>v.</strong></span> <span class='ocrx_word' id='word_1_238' title='bbox 230 3020 307 3081; x_wconf 77' lang='lat'>846:</span> <span class='ocrx_word' id='word_1_239' title='bbox 334 3028 426 3101; x_wconf 87' lang='lat' dir='ltr'>atque</span> <span class='ocrx_word' id='word_1_240' title='bbox 450 3023 506 3096; x_wconf 86' lang='lat' dir='ltr'>illi,</span> <span class='ocrx_word' id='word_1_241' title='bbox 534 3039 627 3098; x_wconf 83' lang='grc'><strong>55555</strong></span> <span class='ocrx_word' id='word_1_242' title='bbox 652 3043 726 3100; x_wconf 89' lang='lat' dir='ltr'>quos</span> <span class='ocrx_word' id='word_1_243' title='bbox 750 3023 879 3081; x_wconf 86' lang='lat' dir='ltr'>diximus</span> <span class='ocrx_word' id='word_1_244' title='bbox 904 3026 983 3081; x_wconf 90' lang='grc'><strong>5555.</strong></span> <span class='ocrx_word' id='word_1_245' title='bbox 1008 3017 1057 3094; x_wconf 87' lang='lat' dir='ltr'><strong>H,</strong></span> <span class='ocrx_word' id='word_1_246' title='bbox 1074 3020 1148 3080; x_wconf 89' lang='grc'><strong>499.</strong></span> <span class='ocrx_word' id='word_1_247' title='bbox 1175 3019 1274 3080; x_wconf 65' lang='grc'><strong>19495</strong></span> <span class='ocrx_word' id='word_1_248' title='bbox 1302 3023 1333 3078; x_wconf 89' lang='grc'><strong>55</strong></span> 
     </span>
     <span class='ocr_line' id='line_1_27' title="bbox 174 3117 1331 3204; baseline -0.003 -21"><span class='ocrx_word' id='word_1_249' title='bbox 174 3126 268 3184; x_wconf 87' lang='lat' dir='ltr'>latere</span> <span class='ocrx_word' id='word_1_250' title='bbox 296 3145 331 3184; x_wconf 90' lang='lat' dir='ltr'><strong>ex</strong></span> <span class='ocrx_word' id='word_1_251' title='bbox 356 3130 486 3204; x_wconf 85' lang='lat' dir='ltr'>utroque</span> <span class='ocrx_word' id='word_1_252' title='bbox 511 3141 605 3200; x_wconf 83' lang='grc'><strong>55555</strong></span> <span class='ocrx_word' id='word_1_253' title='bbox 624 3125 787 3203; x_wconf 70' lang='lat' dir='ltr'>supterque</span> <span class='ocrx_word' id='word_1_254' title='bbox 807 3145 860 3203; x_wconf 92' lang='lat' dir='ltr'><strong>per</strong></span> <span class='ocrx_word' id='word_1_255' title='bbox 878 3145 966 3184; x_wconf 88' lang='lat' dir='ltr'>omne</span> <span class='ocrx_word' id='word_1_256' title='bbox 982 3125 1219 3184; x_wconf 86' lang='grc'><strong>551155556515.</strong></span> <span class='ocrx_word' id='word_1_257' title='bbox 1237 3117 1331 3181; x_wconf 83' lang='lat' dir='ltr'>Simi-</span> 
     </span>
     <span class='ocr_line' id='line_1_28' title="bbox 174 3222 1332 3306; baseline 0 -22"><span class='ocrx_word' id='word_1_258' title='bbox 174 3222 252 3286; x_wconf 85' lang='lat' dir='ltr'>liter</span> <span class='ocrx_word' id='word_1_259' title='bbox 267 3222 328 3301; x_wconf 93' lang='grc'><strong>71,</strong></span> <span class='ocrx_word' id='word_1_260' title='bbox 347 3225 424 3286; x_wconf 81' lang='lat'>537:</span> <span class='ocrx_word' id='word_1_261' title='bbox 443 3233 474 3287; x_wconf 87' lang='grc'><strong>55</strong></span> <span class='ocrx_word' id='word_1_262' title='bbox 489 3229 521 3286; x_wconf 90' lang='grc'><strong>15</strong></span> <span class='ocrx_word' id='word_1_263' title='bbox 536 3228 640 3306; x_wconf 88' lang='lat' dir='ltr'>primis</span> <span class='ocrx_word' id='word_1_264' title='bbox 655 3234 767 3286; x_wconf 85' lang='lat' dir='ltr'>terram</span> <span class='ocrx_word' id='word_1_265' title='bbox 789 3229 835 3286; x_wconf 86' lang='lat' dir='ltr'><strong>fao</strong></span> <span class='ocrx_word' id='word_1_266' title='bbox 850 3231 886 3286; x_wconf 88' lang='grc'><strong>55</strong></span> <span class='ocrx_word' id='word_1_267' title='bbox 902 3248 964 3287; x_wconf 89' lang='grc'><strong>5555</strong></span> <span class='ocrx_word' id='word_1_268' title='bbox 980 3229 1071 3286; x_wconf 79' lang='lat' dir='ltr'>rearis</span> <span class='ocrx_word' id='word_1_269' title='bbox 1086 3227 1191 3303; x_wconf 81' lang='grc'><strong>555555</strong></span> <span class='ocrx_word' id='word_1_270' title='bbox 1206 3228 1282 3286; x_wconf 89' lang='lat' dir='ltr'>item</span> <span class='ocrx_word' id='word_1_271' title='bbox 1296 3230 1332 3284; x_wconf 91' lang='grc'><strong>55</strong></span> 
     </span>
     <span class='ocr_line' id='line_1_29' title="bbox 174 3324 1331 3408; baseline 0 -22"><span class='ocrx_word' id='word_1_272' title='bbox 174 3346 284 3405; x_wconf 82' lang='grc'><strong>555555</strong></span> <span class='ocrx_word' id='word_1_273' title='bbox 299 3331 432 3390; x_wconf 78' lang='lat' dir='ltr'>ventosis</span> <span class='ocrx_word' id='word_1_274' title='bbox 447 3331 582 3408; x_wconf 87' lang='lat' dir='ltr'>undique</span> <span class='ocrx_word' id='word_1_275' title='bbox 597 3330 718 3408; x_wconf 87' lang='lat' dir='ltr'>plenam</span> <span class='ocrx_word' id='word_1_276' title='bbox 734 3332 885 3408; x_wconf 85' lang='lat' dir='ltr'>speluncis</span> <span class='ocrx_word' id='word_1_277' title='bbox 901 3324 960 3408; x_wconf 86' lang='lat' dir='ltr'>(sie</span> <span class='ocrx_word' id='word_1_278' title='bbox 972 3325 1135 3388; x_wconf 84' lang='lat' dir='ltr'>Aventius</span> <span class='ocrx_word' id='word_1_279' title='bbox 1151 3347 1209 3408; x_wconf 87' lang='lat' dir='ltr'><strong>pro</strong></span> <span class='ocrx_word' id='word_1_280' title='bbox 1220 3326 1331 3405; x_wconf 81' lang='grc'><strong>55555)</strong></span> 
     </span>
     <span class='ocr_line' id='line_1_30' title="bbox 175 3427 1332 3511; baseline 0.001 -24"><span class='ocrx_word' id='word_1_281' title='bbox 175 3427 216 3503; x_wconf 92' lang='lat' dir='ltr'><strong>V,</strong></span> <span class='ocrx_word' id='word_1_282' title='bbox 235 3431 297 3491; x_wconf 89' lang='grc'><strong>514</strong></span> <span class='ocrx_word' id='word_1_283' title='bbox 317 3451 366 3511; x_wconf 87' lang='lat' dir='ltr'>sq.</span> <span class='ocrx_word' id='word_1_284' title='bbox 393 3433 752 3508; x_wconf 78' lang='grc'><strong>156551155155555-</strong></span> <span class='ocrx_word' id='word_1_285' title='bbox 778 3428 1192 3508; x_wconf 74' lang='grc'><strong>1115551155555555571,</strong></span> <span class='ocrx_word' id='word_1_286' title='bbox 1216 3428 1332 3490; x_wconf 88' lang='grc'><strong>97155</strong></span> 
     </span>
     <span class='ocr_line' id='line_1_31' title="bbox 175 3529 1334 3613; baseline 0 -21"><span class='ocrx_word' id='word_1_287' title='bbox 175 3531 258 3593; x_wconf 88' lang='grc'><strong>1994</strong></span> <span class='ocrx_word' id='word_1_288' title='bbox 277 3552 371 3611; x_wconf 83' lang='grc'><strong>55555</strong></span> <span class='ocrx_word' id='word_1_289' title='bbox 393 3535 490 3594; x_wconf 87' lang='grc'><strong>65551.</strong></span> <span class='ocrx_word' id='word_1_290' title='bbox 517 3529 578 3606; x_wconf 91' lang='grc'><strong>71,</strong></span> <span class='ocrx_word' id='word_1_291' title='bbox 603 3533 685 3594; x_wconf 89' lang='grc'><strong>1915</strong></span> <span class='ocrx_word' id='word_1_292' title='bbox 709 3553 775 3613; x_wconf 85' lang='lat' dir='ltr'>sq.:</span> <span class='ocrx_word' id='word_1_293' title='bbox 802 3533 958 3613; x_wconf 81' lang='lat' dir='ltr'>multaque</span> <span class='ocrx_word' id='word_1_294' title='bbox 981 3537 1065 3594; x_wconf 90' lang='lat' dir='ltr'>humi</span> <span class='ocrx_word' id='word_1_295' title='bbox 1088 3556 1156 3594; x_wconf 88' lang='lat' dir='ltr'><strong>eum</strong></span> <span class='ocrx_word' id='word_1_296' title='bbox 1174 3537 1334 3594; x_wconf 83' lang='lat' dir='ltr'>inhumata</span> 
     </span>
     <span class='ocr_line' id='line_1_32' title="bbox 173 3625 1332 3716; baseline -0.003 -19"><span class='ocrx_word' id='word_1_297' title='bbox 173 3639 307 3697; x_wconf 80' lang='lat' dir='ltr'>iacerent</span> <span class='ocrx_word' id='word_1_298' title='bbox 328 3657 453 3715; x_wconf 84' lang='lat' dir='ltr'>corpora</span> <span class='ocrx_word' id='word_1_299' title='bbox 470 3625 563 3712; x_wconf 81' lang='grc'><strong>55555</strong></span> <span class='ocrx_word' id='word_1_300' title='bbox 585 3639 768 3716; x_wconf 80' lang='lat' dir='ltr'>corporibus.</span> <span class='ocrx_word' id='word_1_301' title='bbox 790 3639 978 3716; x_wconf 78' lang='lat' dir='ltr'>(corporibus</span> <span class='ocrx_word' id='word_1_302' title='bbox 1000 3640 1051 3716; x_wconf 88' lang='grc'><strong>555</strong></span> <span class='ocrx_word' id='word_1_303' title='bbox 1071 3633 1215 3711; x_wconf 83' lang='lat' dir='ltr'>dativus,</span> <span class='ocrx_word' id='word_1_304' title='bbox 1239 3631 1332 3716; x_wconf 85' lang='lat' dir='ltr'>quasi</span> 
     </span>
     <span class='ocr_line' id='line_1_33' title="bbox 174 3734 894 3820; baseline -0.003 -22"><span class='ocrx_word' id='word_1_305' title='bbox 174 3734 418 3818; x_wconf 78' lang='lat' dir='ltr'>superiecerent</span> <span class='ocrx_word' id='word_1_306' title='bbox 434 3735 653 3820; x_wconf 79' lang='lat' dir='ltr'>corporibus).</span> <span class='ocrx_word' id='word_1_307' title='bbox 890 3774 894 3782; x_wconf 44' lang='grc' dir='ltr'><em>ι</em></span> 
     </span>
    </p>

    <p class='ocr_par' dir='ltr' id='par_1_7' title="bbox 173 3837 1333 4128">
     <span class='ocr_line' id='line_1_34' title="bbox 266 3837 1328 3922; baseline 0.001 -22"><span class='ocrx_word' id='word_1_308' title='bbox 266 3837 355 3900; x_wconf 69' lang='lat' dir='ltr'><strong>Ultra</strong></span> <span class='ocrx_word' id='word_1_309' title='bbox 379 3837 408 3914; x_wconf 89' lang='lat' dir='ltr'><strong>I,</strong></span> <span class='ocrx_word' id='word_1_310' title='bbox 435 3839 494 3900; x_wconf 83' lang='grc'><strong>961</strong></span> <span class='ocrx_word' id='word_1_311' title='bbox 521 3844 579 3901; x_wconf 90' lang='grc'><strong>5151</strong></span> <span class='ocrx_word' id='word_1_312' title='bbox 603 3839 687 3900; x_wconf 79' lang='grc'><strong>555555</strong></span> <span class='ocrx_word' id='word_1_313' title='bbox 713 3845 753 3903; x_wconf 83' lang='grc'><strong>515</strong></span> <span class='ocrx_word' id='word_1_314' title='bbox 776 3845 858 3922; x_wconf 91' lang='lat' dir='ltr'>quod</span> <span class='ocrx_word' id='word_1_315' title='bbox 882 3847 977 3903; x_wconf 83' lang='lat' dir='ltr'>finiat.</span> <span class='ocrx_word' id='word_1_316' title='bbox 1009 3839 1051 3917; x_wconf 83' lang='grc'><strong>7,</strong></span> <span class='ocrx_word' id='word_1_317' title='bbox 1075 3841 1153 3902; x_wconf 66' lang='grc'><strong>3861</strong></span> <span class='ocrx_word' id='word_1_318' title='bbox 1181 3839 1328 3921; x_wconf 70' lang='lat' dir='ltr'>ultraque</span> 
     </span>
     <span class='ocr_line' id='line_1_35' title="bbox 173 3941 1333 4024; baseline -0.002 -20"><span class='ocrx_word' id='word_1_319' title='bbox 173 3946 330 4004; x_wconf 84' lang='lat' dir='ltr'>minantur</span> <span class='ocrx_word' id='word_1_320' title='bbox 357 3947 457 4004; x_wconf 84' lang='lat' dir='ltr'>omnia</span> <span class='ocrx_word' id='word_1_321' title='bbox 478 3945 634 4004; x_wconf 84' lang='lat' dir='ltr'>diluviare.</span> <span class='ocrx_word' id='word_1_322' title='bbox 656 3941 813 4004; x_wconf 83' lang='lat' dir='ltr'>Lachm.:</span> <span class='ocrx_word' id='word_1_323' title='bbox 840 3942 1028 4020; x_wconf 88' lang='lat' dir='ltr'>„Marullus</span> <span class='ocrx_word' id='word_1_324' title='bbox 1054 3942 1207 4024; x_wconf 71' lang='lat' dir='ltr'>ultroque,</span> <span class='ocrx_word' id='word_1_325' title='bbox 1235 3962 1333 4022; x_wconf 90' lang='lat' dir='ltr'>quem</span> 
     </span>
     <span class='ocr_line' id='line_1_36' title="bbox 175 4041 1174 4128; baseline 0 -23"><span class='ocrx_word' id='word_1_326' title='bbox 175 4065 232 4106; x_wconf 88' lang='lat' dir='ltr'><strong>eur</strong></span> <span class='ocrx_word' id='word_1_327' title='bbox 248 4041 392 4106; x_wconf 82' lang='lat' dir='ltr'>Avantio</span> <span class='ocrx_word' id='word_1_328' title='bbox 411 4049 549 4126; x_wconf 76' lang='lat' dir='ltr'>excepto</span> <span class='ocrx_word' id='word_1_329' title='bbox 567 4065 679 4106; x_wconf 86' lang='lat' dir='ltr'>omnes</span> <span class='ocrx_word' id='word_1_330' title='bbox 696 4051 876 4128; x_wconf 86' lang='lat' dir='ltr'>sequantur</span> <span class='ocrx_word' id='word_1_331' title='bbox 891 4067 958 4106; x_wconf 91' lang='lat' dir='ltr'><strong>non</strong></span> <span class='ocrx_word' id='word_1_332' title='bbox 973 4043 1174 4125; x_wconf 86' lang='lat' dir='ltr'>intellego.“</span> 
     </span>
    </p>

    <p class='ocr_par' dir='ltr' id='par_1_8' title="bbox 174 4144 1334 4435">
     <span class='ocr_line' id='line_1_37' title="bbox 261 4144 1330 4231; baseline 0 -23"><span class='ocrx_word' id='word_1_333' title='bbox 261 4146 361 4225; x_wconf 74' lang='lat' dir='ltr'>Prope</span> <span class='ocrx_word' id='word_1_334' title='bbox 378 4144 559 4207; x_wconf 80' lang='lat' dir='ltr'>ahuoretio</span> <span class='ocrx_word' id='word_1_335' title='bbox 571 4167 699 4228; x_wconf 89' lang='lat' dir='ltr'>semper</span> <span class='ocrx_word' id='word_1_336' title='bbox 713 4154 890 4231; x_wconf 85' lang='lat' dir='ltr'>usurpatur</span> <span class='ocrx_word' id='word_1_337' title='bbox 905 4146 962 4224; x_wconf 86' lang='grc'><strong>155,</strong></span> <span class='ocrx_word' id='word_1_338' title='bbox 981 4153 1018 4208; x_wconf 89' lang='grc'><strong>55</strong></span> <span class='ocrx_word' id='word_1_339' title='bbox 1034 4145 1125 4208; x_wconf 87' lang='grc'><strong>55515</strong></span> <span class='ocrx_word' id='word_1_340' title='bbox 1142 4145 1208 4209; x_wconf 89' lang='grc'><strong>1551</strong></span> <span class='ocrx_word' id='word_1_341' title='bbox 1223 4152 1330 4210; x_wconf 87' lang='lat' dir='ltr'>trans·</span> 
     </span>
     <span class='ocr_line' id='line_1_38' title="bbox 174 4246 1334 4333; baseline 0.002 -23"><span class='ocrx_word' id='word_1_342' title='bbox 174 4248 299 4310; x_wconf 82' lang='lat' dir='ltr'>feretur</span> <span class='ocrx_word' id='word_1_343' title='bbox 320 4246 484 4310; x_wconf 90' lang='lat' dir='ltr'>adrerum</span> <span class='ocrx_word' id='word_1_344' title='bbox 504 4247 726 4312; x_wconf 83' lang='lat' dir='ltr'>conditionem</span> <span class='ocrx_word' id='word_1_345' title='bbox 742 4250 796 4312; x_wconf 92' lang='lat' dir='ltr'><strong>vel</strong></span> <span class='ocrx_word' id='word_1_346' title='bbox 816 4255 940 4312; x_wconf 86' lang='lat' dir='ltr'>statum</span> <span class='ocrx_word' id='word_1_347' title='bbox 963 4255 996 4312; x_wconf 88' lang='lat' dir='ltr'><strong>et</strong></span> <span class='ocrx_word' id='word_1_348' title='bbox 1013 4247 1141 4311; x_wconf 82' lang='grc'><strong>6155555</strong></span> <span class='ocrx_word' id='word_1_349' title='bbox 1156 4270 1208 4312; x_wconf 88' lang='lat' dir='ltr'><strong>res</strong></span> <span class='ocrx_word' id='word_1_350' title='bbox 1224 4249 1334 4333; x_wconf 86' lang='lat' dir='ltr'>aliqua</span> 
     </span>
     <span class='ocr_line' id='line_1_39' title="bbox 175 4349 1330 4435; baseline 0.002 -23"><span class='ocrx_word' id='word_1_351' title='bbox 175 4373 241 4413; x_wconf 91' lang='lat' dir='ltr'><strong>non</strong></span> <span class='ocrx_word' id='word_1_352' title='bbox 256 4350 356 4432; x_wconf 82' lang='lat' dir='ltr'>louge</span> <span class='ocrx_word' id='word_1_353' title='bbox 373 4351 487 4414; x_wconf 86' lang='lat' dir='ltr'>abesse</span> <span class='ocrx_word' id='word_1_354' title='bbox 505 4351 544 4414; x_wconf 86' lang='lat' dir='ltr'><strong>ab</strong></span> <span class='ocrx_word' id='word_1_355' title='bbox 565 4349 623 4413; x_wconf 86' lang='lat' dir='ltr'>illa</span> <span class='ocrx_word' id='word_1_356' title='bbox 644 4351 833 4416; x_wconf 77' lang='lat' dir='ltr'>conditione</span> <span class='ocrx_word' id='word_1_357' title='bbox 853 4352 906 4414; x_wconf 90' lang='lat' dir='ltr'><strong>vel</strong></span> <span class='ocrx_word' id='word_1_358' title='bbox 926 4350 984 4414; x_wconf 89' lang='lat' dir='ltr'>illo</span> <span class='ocrx_word' id='word_1_359' title='bbox 1006 4356 1128 4414; x_wconf 86' lang='lat' dir='ltr'>eventu</span> <span class='ocrx_word' id='word_1_360' title='bbox 1148 4351 1330 4435; x_wconf 73' lang='grc'><strong>(5511556.</strong></span> 
     </span>
    </p>
   </div>
   <div class='ocr_carea' id='block_1_4' title="bbox 0 0 1476 4968">
    <p class='ocr_par' dir='ltr' id='par_1_9' title="bbox 0 0 1476 4968">
     <span class='ocr_line' id='line_1_40' title="bbox 0 0 1476 4968; baseline 0 0"><span class='ocrx_word' id='word_1_361' title='bbox 0 0 1476 4968; x_wconf 95' lang='lat' dir='ltr'><strong> </strong></span> 
     </span>
    </p>
   </div>
  </div>
 </body>
</html>
