2886 4998
438 416 470 458 v.
502 414 600 458 suou.
619 413 808 458 murmures
826 415 895 460 ure.
1186 399 1246 460 ΙΙΙ

74 579 324 644 Lachmannus
346 605 418 666 pro:
445 593 588 666 pereunt,
615 589 673 648 nisi
695 605 751 666 que
773 607 807 648 ex
829 609 859 647 se
881 589 944 666 ipse
965 590 1096 666 paravit,
1119 583 1246 646 disens:

72 705 167 759 „non
186 683 324 747 suffieit
348 684 519 748 inventum
536 683 704 763 Lambini,
730 691 788 749 uisi
812 691 855 750 sie
870 711 934 749 sese
957 691 1021 769 ipse
1046 693 1172 771 paravit.
1218 694 1249 752 Si

73 811 150 866 quae
169 794 361 871 eorpuseula
375 787 517 870 legimus
537 810 635 872 supra
649 787 716 874 tite
736 788 824 852 enim
844 795 935 852 reete
957 789 1133 852 Marullus:
1157 798 1249 872 post-

73 909 110 950 ea
132 888 349 956 Lambinum
378 891 483 953 secuti
510 891 732 955 distinxerunt
759 914 833 956 eum
855 913 981 955 summo
1004 891 1161 955 orationis
1184 892 1249 955 dia·

73 991 200 1072 pendio
219 995 263 1072 ei,
284 995 386 1078 quae),
403 1015 509 1077 neque
525 1017 660 1078 usquam
679 1019 738 1079 qua
754 994 865 1079 posuit
880 993 1067 1073 Lueretius,
1085 1003 1122 1058 ut
1137 993 1170 1056 in
1187 995 1247 1072 Vl,

71 1097 134 1157 481
155 1094 306 1159 dubium
322 1118 387 1160 non
405 1097 450 1160 sit
465 1096 544 1179 quin
565 1097 686 1181 siquae
707 1097 850 1162 seribere
866 1105 1057 1182 oporteat.“
1087 1098 1129 1175 V,
1149 1100 1247 1160 1209:

72 1223 109 1259 ne
139 1219 230 1281 quaa
259 1206 339 1263 forte
363 1206 453 1264 deum
483 1205 568 1264 nobis
593 1207 729 1266 inmensa
752 1211 885 1284 potestas
909 1207 958 1264 sit.
1003 1200 1095 1264 Libri
1119 1207 1248 1264 veteres

72 1299 184 1383 Neque
196 1303 305 1386 sorte.
340 1302 401 1381 VI,
419 1307 497 1366 841:
522 1313 553 1367 et
568 1310 684 1368 semina
697 1311 723 1367 si
738 1327 815 1388 quae
831 1312 908 1369 t'orte
924 1309 1042 1387 vaporis
1058 1309 1159 1381 habet,
1182 1329 1248 1387 pro·

72 1427 145 1484 pere
168 1409 312 1470 dimittit
332 1411 364 1469 in
384 1431 480 1470 auras.
525 1406 580 1468 Sic
599 1407 832 1469 Laelrmannus
854 1428 912 1489 pro
937 1406 1042 1490 siqua:
1067 1405 1139 1484 „ita
1161 1406 1247 1469 enim

74 1525 215 1590 semper
232 1508 419 1586 Lueretius,
441 1509 469 1570 si
489 1531 566 1593 quae
587 1531 707 1592 genere
724 1515 840 1572 neutro
857 1509 891 1572 iu
906 1509 967 1586 IV,
987 1513 1047 1572 199
1064 1513 1137 1588 804,
1155 1507 1247 1572 femi·

77 1607 160 1672 nino
178 1593 324 1694 aliquae,
341 1633 379 1673 ue
393 1634 484 1695 quae,
502 1634 624 1696 ecquae,
643 1634 753 1696 ecquae
767 1623 879 1675 aum.“

164 1712 204 1774 b.
233 1713 368 1797 Aliqum.
400 1714 429 1792 Ι,
452 1718 528 1780 665;
555 1716 662 1799 abique
688 1753 718 1762 -
745 1721 861 1780 ratione
888 1715 946 1798 (siu
974 1713 1100 1779 Pollius
1125 1715 1246 1778 Philol.

2 1837 3 1858 Ι
77 1813 196 1893 XXV,
222 1817 309 1898 271).
350 1816 412 1895 IV,
437 1821 498 1880 263
524 1819 648 1902 aliquae
671 1843 726 1881 res.
772 1818 897 1882 Eodem
922 1818 1020 1882 modu
1045 1841 1076 1880 v.
1098 1821 1176 1881 638:
1203 1828 1249 1882 est

78 1916 211 2000 aliquae
227 1931 263 1982 ut
278 1945 409 2002 serpens.
456 1919 509 1982 sie
526 1921 758 1984 Lachmauuus
774 1944 848 2006 pro:
875 1929 930 1986 usu
945 1927 1050 2006 itaque
1065 1933 1101 1986 ut
1116 1948 1248 2005 serpens,

79 2019 135 2099 qui
151 2019 254 2084 dicit:
273 2022 438 2106 ‚aliquae
457 2023 601 2105 iuquam,
618 2024 818 2108 naualique,
837 2045 877 2087 ex
893 2049 954 2088 usu
971 2024 1128 2088 Lucretii.
1146 2047 1246 2108 supra

79 2143 110 2183 v.
130 2126 199 2192 263
223 2123 355 2188 codices
376 2135 532 2208 tamquam
553 2132 654 2209 alique
670 2153 715 2190 res
734 2132 887 2191 Verberet.
932 2128 1050 2190 Festus
1064 2151 1097 2212 p.
1117 2131 1190 2205 254,
1208 2131 1248 2190 28

81 2223 259 2311 uuispiam
295 2226 371 2310 quin
403 2227 570 2310 significet
599 2228 733 2311 uliquis,
769 2237 804 2292 et
833 2229 1003 2313 quaepiam
1034 2229 1177 2313 aliquae,
1212 2267 1244 2278 -

82 2326 222 2393 dubium
240 2353 307 2394 non
323 2336 414 2394 est.“

171 2455 201 2496 e.
231 2434 407 2518 Quasqueua.
439 2435 469 2512 Ι,
486 2436 563 2498 487:
587 2441 643 2498 etsi
665 2440 788 2500 difficile
810 2461 873 2499 esse
888 2441 1009 2501 videtur
1025 2441 1143 2499 eredere
1160 2435 1242 2520 quie-

81 2557 173 2616 quam
190 2543 222 2601 in
239 2543 328 2601 rebus
343 2543 440 2603 solido
456 2544 580 2622 reperiri
600 2564 723 2621 corpore
743 2563 839 2621 posse.
869 2538 932 2617 IV,
950 2544 1028 2604 884:
1051 2545 1245 2621 nequeenim

82 2643 183 2704 faeere
208 2646 318 2724 insipit
342 2647 436 2704 ullam
459 2667 521 2704 rem
546 2642 721 2725 quisquam,
753 2666 842 2724 quam
868 2648 933 2703 ete.
989 2641 1042 2704 Sie
1066 2640 1247 2704 Brixiensis

83 2741 189 2806 editio
211 2765 270 2826 pro
292 2743 359 2827 quir
380 2767 480 2827 quam.
526 2743 681 2826 Orrinque
702 2744 784 2806 louis
805 2766 862 2827 pro
879 2743 1042 2808 adiectivo
1058 2750 1246 2829 usurpatnr,

84 2842 110 2921 I,
131 2847 234 2910 1077:
266 2871 322 2910 nee
351 2846 509 2930 quiequam
530 2848 622 2909 uaeas
653 2857 708 2910 est.
747 2846 795 2924 ΙΙ,
814 2849 892 2911 85⁷:
924 2873 979 2912 nee
1008 2853 1100 2911 simili
1130 2853 1247 2911 ratione

83 2967 223 3028 saporam
246 2955 377 3032 denique
402 2971 587 3034 quenquam.
629 2949 696 3026 ΙΙΙ,
714 2953 791 3013 284:
819 2977 874 3015 nee
899 2952 984 3014 calor
1007 2962 1053 3016 est
1077 2950 1245 3035 quisquam.

84 3071 114 3112 v.
134 3054 216 3116 875:
234 3079 416 3136 quemquam
438 3091 466 3102 -ν
489 3079 618 3116 sensum.
642 3052 703 3129 IV,
723 3057 799 3115 689:
818 3061 897 3118 haud
914 3053 1072 3138 quisquam
1091 3093 1122 3101 —-
1144 3078 1247 3118 eorum

85 3153 205 3237 (odor).

174 3256 207 3320 d.
236 3258 379 3336 Quidam.
421 3258 450 3335 I,
472 3259 549 3321 578:
584 3269 686 3322 tamen
717 3285 751 3322 ex
782 3269 905 3322 aeterno
934 3270 1070 3345 tempore
1100 3259 1247 3342 quaedam

85 3384 169 3424 nune
194 3366 287 3423 etiarn
310 3385 451 3444 superare
475 3371 626 3425 necessest
646 3353 771 3444 corpora
790 3368 888 3426 rebus.
935 3361 988 3425 Sic
1010 3359 1191 3424 Lambinus
1213 3366 1247 3423 et

86 3461 226 3527 Lachm.
251 3453 308 3546 liro
329 3485 475 3548 quaeqae.
508 3463 555 3542 II,
573 3467 646 3527 380.
675 3464 737 3541 IV,
756 3467 854 3528 1032:
883 3470 1068 3528 conveniunt
1088 3470 1253 3528 simulacra

86 3571 160 3630 foris
176 3592 192 3630 e
208 3591 331 3649 corpore
347 3567 486 3650 quodam.
534 3566 587 3630 Sic
604 3567 742 3630 Iraehm.
760 3590 817 3651 pro
834 3589 960 3651 quoque.
1361 3557 1363 3560 .

175 3689 203 3732 e.
227 3668 369 3753 Quisque.
392 3669 440 3747 ΙΙ,
459 3671 536 3733 372:
554 3679 708 3754 postremo
723 3675 851 3752 quodvis
866 3677 1053 3736 frumentum
1068 3697 1129 3735 non
1145 3680 1247 3734 tamen

87 3797 177 3836 omne
198 3771 308 3855 quique
330 3771 382 3856 (a
403 3776 544 3856 quoque)
565 3795 618 3835 uuo
638 3799 747 3855 genere
769 3780 850 3838 inter
868 3799 900 3836 se
919 3779 1018 3838 simile
1038 3799 1101 3838 ease
1115 3778 1247 3851 videtur,

87 3898 119 3938 v.
131 3873 270 3938 Lachm.
283 3875 473 3938 Pronomini
488 3875 759 3959 possessivorum
774 3876 935 3939 adnexum
952 3875 1050 3941 modo
1066 3873 1246 3954 antecedit,

1 3977 2 3984 '
88 3958 187 4041 mode
212 3977 436 4060 subsequitur.
477 3979 505 4056 I,
528 3981 607 4042 191:
640 3989 675 4042 ut
704 4003 824 4043 noscere
855 3986 950 4062 possis
978 3981 1104 4064 quaeque
1128 4000 1184 4040 aaa
1210 3984 1247 4042 de

88 4088 216 4146 materia
237 4087 442 4164 grandescere.
474 4103 507 4144 v.
525 4086 603 4145 215:
628 4089 699 4145 Hue
719 4087 836 4146 aceedit
855 4089 902 4147 uti
923 4083 1097 4167 quicquain
1112 4104 1168 4144 aaa
1184 4105 1247 4146 eor·

89 4210 162 4268 pora
177 4208 296 4248 rursum
312 4191 457 4250 dissolvat
472 4195 588 4249 natura.
625 4183 680 4248 sie
697 4192 787 4248 reete
803 4185 983 4250 Lambinus
999 4205 1138 4267 eumque
1155 4205 1247 4247 seeu-

90 4294 145 4350 tus
158 4285 299 4351 Laahm.
317 4288 507 4352 Quadratus
523 4295 558 4352 et
574 4287 715 4352 schedae
730 4289 889 4374 quidquid.
915 4310 947 4352 v.
969 4289 1044 4352 775:
1062 4309 1147 4370 raaq
1163 4287 1246 4372 quiu-

91 4413 145 4476 que
170 4426 200 4440 ›-
231 4400 369 4456 naturam
394 4398 544 4457 ostendet.
575 4391 636 4468 IV,
654 4393 707 4456 41.
732 4391 794 4469 IV,
811 4395 873 4455 489
890 4413 957 4474 sq.:
983 4415 1116 4456 seorsum
1139 4389 1247 4474 auique
