2944 4968
244 363 285 422 m
650 383 821 430 sasamon.
848 385 920 429 oss.
946 385 997 429 111.
1039 319 1049 362 s

244 549 337 612 dabat
352 548 456 612 coitio.
483 549 542 627 VI,
556 553 656 616 1144:
673 556 745 616 inde
761 559 937 617 catervatim
953 555 1051 616 morbo
1067 554 1216 638 nimbique
1231 555 1408 616 dcboobnr.

244 652 306 729 VI,
326 656 341 716 1
360 674 426 734 sq.:
454 659 571 718 Primae
595 659 764 738 frugiparos
789 662 869 720 fetus
892 655 1071 718 roorbobiboc
1095 655 1195 736 acoris
1219 655 1410 718 dididerunt

251 792 281 800 —
302 761 451 820 Athenae.
481 777 513 818 V.
532 759 593 820 208
610 779 679 840 sq.:
697 764 837 822 materias
853 764 924 842 quia
938 759 1027 822 robus
1042 758 1164 821 reddito
1180 763 1302 823 certast.
1322 759 1407 822 577:

245 864 338 922 Porro
347 862 371 922 si
382 863 497 922 nullast
501 858 694 942 frooqeodis
702 860 826 923 reddito
840 867 908 925 finis
918 859 1100 942 corporibus.
1119 883 1150 923 v.
1163 864 1241 926 585:
1258 867 1409 944 quoniam

244 965 413 1042 generatim
433 961 557 1023 reddito
578 967 645 1026 finis
666 969 819 1027 crescendi
838 964 925 1026 rcbos
941 973 1069 1027 constat.
1099 963 1290 1046 11,64sq.:
1314 988 1409 1047 quae·

245 1087 303 1144 que
324 1061 365 1123 sib
387 1062 458 1124 obbis
477 1063 600 1126 reddito
619 1071 782 1130 mobilitas.
813 1088 846 1128 v.
864 1068 904 1130 95
921 1088 987 1148 sq.:
1010 1070 1095 1129 nulla
1115 1071 1200 1148 quies
1219 1072 1264 1129 est
1279 1067 1408 1129 recidito

245 1163 419 1245 corporibus
428 1165 551 1245 primis.
583 1189 614 1230 v.
633 1171 695 1233 lm
712 1191 761 1251 sq.
772 1191 790 1228 ι·
804 1193 881 1251 quae
901 1173 1055 1232 mobilitas
1070 1166 1112 1230 cii
1127 1168 1248 1231 reddita
1265 1175 1409 1232 materiai

245 1265 430 1346 corporibus.
453 1266 496 1345 V,
509 1271 586 1332 620:
604 1296 676 1349 non,
691 1277 825 1354 inquam,
841 1276 967 1353 simplex
982 1269 1031 1332 bic
1044 1269 1262 1334 rcbmrcddibc
1273 1277 1407 1334 causam.

245 1368 308 1445 IV,
328 1371 425 1432 1222:
445 1395 521 1453 quae
531 1372 677 1452 pairibos
692 1385 792 1456 patres
808 1373 946 1435 brodmmb.
968 1372 997 1449 Ι,
1015 1373 1078 1435 322
1095 1394 1163 1455 sq.:
1181 1398 1410 1457 quaecumque

246 1477 310 1534 dies
335 1507 365 1518 -
390 1472 478 1534 roboc
503 1513 535 1521 —
560 1475 680 1539 tribuit.
713 1476 761 1553 11,
785 1477 869 1539 1112
890 1497 940 1558 sq.
963 1499 1032 1540 nam
1054 1501 1108 1540 sua
1128 1475 1248 1560 coiqm,
1273 1481 1349 1540 locis
1374 1501 1410 1540 ex

246 1580 399 1654 omnibus,
428 1582 527 1640 omnia
557 1583 654 1660 plagis
683 1604 807 1662 corpora
830 1577 1068 1641 dictribooobor.
1109 1577 1139 1657 I,
1165 1581 1242 1642 660:
1269 1585 1409 1659 coempto

175 1658 184 1682 ⁸
245 1678 333 1739 reboo
348 1683 439 1742 inani.
471 1701 501 1742 V.
522 1680 593 1743 742.
612 1703 643 1743 v.
662 1685 761 1745 1115:
785 1706 839 1746 nac
859 1679 916 1743 bibi
936 1679 1306 1760 casoanoxiterercmici.
1341 1681 1408 1760 VI,

247 1782 287 1841 92
304 1802 353 1862 sq.
370 1789 406 1844 tu
425 1780 500 1844 rocibi
520 1818 550 1828 -
572 1788 610 1846 ad
631 1789 759 1848 candida
773 1789 862 1848 caleis
878 1782 1014 1845 corrcoti
1029 1789 1160 1868 spatium
1176 1789 1408 1864 praemonstro.

246 1881 275 1958 I,
292 1885 371 1944 429:
398 1888 430 1947 id
454 1890 536 1967 quod
556 1891 617 1948 iam
637 1910 744 1970 supera
765 1885 822 1948 bibi
842 1890 931 1968 paulo
952 1886 1136 1950 ocbeodimos
1155 1895 1236 1950 ante.
1267 1907 1299 1948 v.
1324 1889 1407 1949 531:

246 1990 278 2048 id
294 1991 375 2066 quod
390 1991 450 2050 iam
465 2012 555 2071 supra
571 1994 652 2051 cett.

332 2086 524 2152 Adiectiva:
545 2091 574 2168 Ι,
592 2093 648 2154 581
666 2089 820 2170 comitatio
843 2115 967 2174 corpora
987 2089 1085 2152 reboo.
1118 2091 1246 2156 v.167:
1267 2095 1322 2154 ubi
1345 2117 1410 2156 non

247 2199 347 2254 assent
371 2191 526 2270 comitatio
557 2218 681 2276 corpora
709 2193 826 2276 coique.
868 2216 899 2256 v.
928 2195 989 2256 196
1014 2215 1082 2275 nq.:
1115 2202 1150 2257 ut
1174 2199 1275 2276 potius
1299 2195 1411 2256 modiis

248 2293 416 2355 commooio
433 2319 558 2377 corpora
578 2295 665 2358 rcbos
679 2299 777 2358 multa
792 2304 881 2378 putes
897 2321 970 2374 essa,
990 2305 1026 2358 ut
1045 2295 1142 2359 verbio
1158 2301 1308 2360 elementa
1323 2301 1411 2360 vide·

247 2421 323 2458 mus.
356 2418 386 2458 v.
409 2399 487 2461 824:
515 2403 612 2461 multa
636 2404 786 2462 elementa
808 2404 892 2463 vides
916 2398 1021 2462 molbio
1045 2398 1211 2461 commonia
1235 2398 1347 2462 corbis.
1376 2422 1409 2461 v.

249 2500 310 2560 296
327 2520 393 2581 sq.:
417 2505 535 2564 aemula
556 2508 672 2584 magnis
692 2507 839 2566 amnibus.
871 2500 933 2579 IV,
957 2503 1057 2565 1276:
1082 2510 1113 2565 et
1134 2506 1225 2565 simul
1243 2507 1310 2584 ipsa
1331 2502 1412 2564 ciris

247 2607 350 2664 Venus
374 2612 410 2666 ut
433 2602 609 2666 concinnior
633 2611 731 2667 esset.
769 2604 831 2682 VI,
857 2607 955 2668 1094:
983 2627 1059 2687 quas
1083 2609 1145 2667 sint
1170 2603 1282 2665 vitalio
1307 2604 1408 2666 mobis.

248 2726 280 2766 v.
293 2706 390 2768 1117:
410 2704 484 2766 obiis
497 2711 573 2770 alius
588 2712 671 2770 locus
685 2717 732 2771 est
746 2707 889 2768 inimicos
897 2706 1042 2787 portibus
1052 2729 1086 2768 ao
1096 2705 1242 2767 membris.
1260 2728 1292 2767 v.
1306 2708 1409 2770 1119:

248 2812 364 2870 caelum
375 2813 457 2889 quod
467 2807 552 2870 mobis
562 2817 639 2872 t'orte
655 2809 800 2871 obicoom.
823 2831 855 2870 v.
873 2810 973 2871 1134:
990 2815 1023 2871 in
1039 2813 1105 2871 loca
1117 2845 1148 2854 -
1164 2807 1250 2870 oobic
1265 2808 1410 2872 adverso.

333 2908 475 2972 Dativus
487 2911 623 2974 effectis
634 2910 829 2974 coniunctus
840 2933 915 2974 eum
924 2909 1032 2973 verbis
1047 2931 1122 2983 csse,
1140 2909 1261 2984 babere,
1277 2917 1410 2973 cerbere.

248 3011 277 3088 I,
297 3011 356 3074 759
374 3033 439 3094 sq.:
463 3019 585 3076 inimica
603 3019 701 3078 modis
721 3019 826 3078 multis
845 3019 917 3076 soob
936 3023 1027 3096 atque
1044 3034 1155 3075 ocoeoo
1171 3018 1236 3096 ipsa
1250 3013 1310 3076 sibi
1325 3019 1412 3077 inter

248 3139 288 3180 se.
334 3113 523 3179 Quadratus
554 3117 677 3190 cononi,
715 3122 879 3179 corrector
909 3114 1046 3198 oblongi
1075 3135 1201 3177 ocoeoo.
1248 3114 1310 3192 IV,
1347 3119 1410 3180 783

249 3222 371 3280 eordist.
395 3216 435 3295 V,
454 3217 1047 3283 1391namtumsoobcarminacocdi.
1075 3217 1137 3294 IV,
1156 3218 1255 3281 1019:
1274 3217 1411 3280 indicio·

249 3345 307 3402 que
332 3326 378 3384 sui
403 3326 475 3384 facti
500 3346 642 3404 persaepe
655 3322 763 3408 focco.
797 3321 840 3399 V,
858 3324 919 3385 541
942 3345 997 3384 nec
1023 3328 1114 3403 caput
1138 3325 1182 3382 esi
1207 3319 1292 3382 oocri
1316 3321 1409 3384 cobb.

249 3445 281 3484 v.
292 3425 370 3486 539:
389 3431 548 3506 propterea
556 3449 617 3487 non
634 3430 677 3486 ost
693 3425 788 3487 ooeri.
806 3446 838 3486 v.
851 3427 930 3487 982:
948 3429 1001 3488 scd
1017 3429 1112 3505 magis
1127 3428 1205 3486 illud
1221 3427 1287 3484 orob
1303 3443 1409 3485 conoe.

251 3523 312 3602 VI,
332 3526 409 3589 771:
432 3533 538 3604 multa,
559 3527 622 3589 cibo
643 3551 719 3609 quae
734 3533 817 3589 soob.
850 3525 1009 3589 sitrecte
1025 3524 1264 3601 Wakefieldus,
1286 3530 1320 3586 et
1338 3524 1412 3606 qui·

251 3627 324 3690 dem
347 3627 486 3712 primus,
510 3628 625 3692 edidit.
650 3628 696 3692 sic
719 3651 816 3692 versu
838 3631 921 3692 1995
943 3634 986 3691 Et
1006 3636 1111 3691 contra
1130 3652 1206 3709 quae
1225 3625 1289 3688 tiot
1309 3628 1412 3689 morbo
1451 3679 1452 3694 .

250 3731 399 3815 morbique
424 3742 574 3796 necessest
596 3738 699 3796 Multa
722 3739 831 3796 volare.
871 3730 914 3809 V,
942 3731 1024 3794 1235
1048 3734 1181 3793 ludibrio
1205 3733 1263 3792 sibi
1287 3734 1412 3794 habere.

252 3856 283 3896 v.
303 3835 385 3897 1357
394 3858 400 3895 :
419 3841 568 3917 agricolae
584 3840 680 3898 donec
694 3835 770 3898 citio
786 3839 902 3896 cerbero
917 3839 1021 3896 severi.

338 3937 372 4020 b)
396 3937 532 4000 Datioos
549 3937 714 4018 enercicos.
747 3936 776 4015 Ι,
794 3939 871 3999 365:
896 3941 964 4018 plus
985 3955 1047 3998 csse
1065 3933 1125 3996 sibi
1146 3939 1280 3998 declarat
1298 3937 1411 3998 inanis.

251 4061 283 4100 v.
296 4041 375 4102 402:
394 4039 494 4102 animo
504 4047 577 4104 satis
587 4046 799 4122 haecvestigio
814 4063 905 4122 parva
923 4038 1027 4118 scyoci
1042 4045 1122 4101 sunt.
1139 4037 1277 4114 11,340:
1295 4039 1414 4100 debent

256 4179 288 4188 -·
309 4168 370 4205 non
390 4148 529 4207 omnibus
549 4150 650 4207 omnia
670 4167 806 4226 prorsum
827 4165 889 4204 esse
908 4145 973 4223 pari
992 4145 1052 4204 filo.
1084 4141 1167 4203 1048
1184 4159 1256 4220 sqq.
1274 4142 1363 4200 nobis
1380 4145 1413 4204 in

252 4256 375 4308 cunetas
391 4252 525 4328 undique
542 4254 635 4331 partis
651 4285 680 4293 -
696 4252 781 4310 nulla
797 4258 828 4307 et
843 4249 919 4306 finis.
945 4242 1012 4319 ΙΙΙ,
1029 4244 1085 4305 43:
1104 4252 1181 4306 etse
1197 4245 1271 4306 seire
1287 4240 1413 4303 omimoe

252 4357 391 4414 naturam
420 4356 575 4434 sanguinis
606 4375 683 4428 esse,
715 4371 746 4412 v.
772 4347 910 4410 Lachm.
947 4368 978 4407 v.
1005 4346 1066 4409 317
1093 4367 1160 4428 sq.:
1193 4367 1248 4407 neo
1277 4350 1412 4425 reperire
