2932 4966
219 306 281 368 148
628 323 772 367 vraauu.
806 322 879 366 ore.
911 323 970 367 ru.

218 487 445 566 Lactantium,
463 487 518 571 qui
534 489 585 552 his
603 489 750 552 versibus
761 489 866 552 utitur
876 488 954 552 inst.
973 489 1157 566 111,16,14
1173 487 1374 572 quipossam:

218 591 276 654 sed
293 591 519 672 Heusingcrus
539 591 572 654 in
595 591 880 654 observationibus
903 591 936 654 in
957 591 1111 653 Gotlrano
1134 588 1246 652 codice
1261 589 1372 669 possim

219 699 332 756 extare
341 699 497 756 testatur.
523 693 581 771 VI,
593 696 671 758 972:
690 719 750 777 qua
758 700 802 758 nil
812 703 858 758 est
868 699 984 758 homini
999 694 1080 776 quod
1093 698 1216 756 amariu’
1222 691 1373 776 frondent

218 820 293 859 esca.
325 796 378 859 Sic
394 797 533 859 Lachm.
550 818 608 880 pro
625 822 685 879 qua
700 802 777 860 nihil
793 807 839 860 est
860 801 977 860 homini
998 800 1079 877 quod
1094 801 1205 858 marius
1221 798 1327 856 fronde
1342 817 1372 854 ac

218 909 327 962 exsoet.
363 899 481 979 Quippe
502 899 554 961 051
575 907 691 980 quater
711 898 872 982 reperitur
891 898 977 982 apud
999 897 1206 972 Lucretium,
1229 894 1279 958 bis
1303 916 1371 956 cum

217 999 408 1078 indicativo,
427 1000 455 1078 1,
474 1003 552 1065 617:
576 1002 687 1086 001000
707 1002 758 1063 ott
774 1006 917 1064 dimidiae
933 1007 1027 1086 partis
1043 1025 1110 1084 pars
1126 1023 1244 1082 semper
1257 997 1371 1060 latebit

218 1109 374 1168 dimidiam
399 1115 524 1186 partem.
564 1104 625 1182 IV,
651 1105 729 1179 4343
760 1103 861 1166 semel
892 1123 966 1165 oum
993 1100 1121 1186 imperf.
1148 1099 1369 1174 conditionali,

220 1205 248 1283 1,
261 1209 339 1270 99οτ
358 1206 469 1289 quippe
484 1206 536 1268 ott
551 1211 691 1270 materies
707 1212 803 1270 omnis
820 1211 975 1269 cumulata
989 1205 1115 1278 laceret,
1133 1203 1235 1267 semel
1246 1207 1369 1264 tantum

152 1377 155 1382 Δ
219 1329 291 1370 cum
313 1329 390 1370 vero
412 1307 633 1386 coniunctivo,
652 1308 696 1387 V,
713 1311 807 1385 1158,
832 1307 887 1391 001
907 1307 1049 1370 fortasse
1070 1306 1269 1370 antecedens
1292 1303 1369 1364 delet

221 1431 351 1472 causam
369 1409 480 1472 habet.

307 1533 351 1574 m.
383 1511 601 1574 Consumitur
610 1511 644 1574 ia
660 1511 925 1575 000001011001500
934 1511 1138 1583 secundariis,
1155 1531 1233 1594 quae
1241 1509 1370 1590 pendent

221 1635 257 1674 00
279 1613 418 1676 oratione
439 1615 560 1698 obliqua
582 1616 631 1676 vel
650 1613 1015 1686 01110000001051001500,
1033 1607 1236 1699 0000505005
1252 1611 1368 1674 000100-

220 1715 341 1778 ctioam.
364 1715 482 1793 1,626;
500 1723 598 1781 victus
609 1724 720 1780 fateare
730 1727 881 1781 necessest
891 1743 954 1780 esse
970 1741 1004 1780 ea
1019 1737 1095 1800 0000
1111 1720 1204 1778 001110
1219 1719 1278 1777 iam
1293 1737 1368 1796 prae-

221 1823 287 1882 dita
302 1823 439 1901 partibus
456 1824 557 1880 001005
574 1829 605 1882 et
614 1825 740 1882 minima
749 1825 884 1881 00001001
895 1829 1003 1882 natura
1013 1821 1160 1900 (constent
1169 1839 1228 1900 pro
1239 1818 1367 1878 coaetant

217 1920 405 2004 Marullus).
444 1920 492 1998 11,
517 1924 593 1984 226:
620 1947 679 2003 quo
704 1928 794 1984 citius
818 1931 934 1984 rectum
959 1947 1013 2004 per
1035 1927 1125 1984 inane
1139 1920 1292 2004 ferantur
1316 1913 1365 1998 (sic

216 2031 308 2086 recte
324 2022 500 2104 Briegerus
516 2021 603 2086 Phil.
622 2023 752 2101 XXIV,
770 2046 801 2106 p.
819 2025 881 2086 436
898 2043 971 2085 eum
989 2023 1061 2086 cod.
1080 2021 1296 2100 Victoriano).
1324 2016 1364 2092 II,

219 2127 296 2189 337:
314 2131 366 2188 sed
382 2131 529 2208 quianon
545 2131 635 2206 volgo
651 2133 734 2208 paria
749 2131 889 2190 omnibus
906 2132 1007 2190 omnia
1022 2131 1170 2188 constent.
1196 2124 1253 2186 L.:
1272 2118 1365 2200 „Itali

218 2233 368 2290 constant.
405 2227 451 2289 sio
477 2226 561 2290 infra
585 2251 616 2290 v.
645 2231 706 2292 694
731 2229 925 2310 quadratus,
952 2229 1116 2310 oblongus
1142 2231 1257 2289 constet
1280 2243 1365 2306 super

218 2327 383 2412 adscripto
398 2351 430 2391 0.
449 2329 507 2393 sed
518 2350 591 2391 oum
602 2329 635 2392 in
651 2353 682 2392 v.
697 2332 713 2394 l
718 2335 758 2394 24
768 2330 843 2393 libri
854 2329 1063 2393 consentiant
1072 2329 1107 2392 in
1117 2327 1361 2400 coniunctivum,

216 2430 881 2516 00100510000000005000000151100010
893 2432 1013 2514 ubique
1023 2431 1127 2495 oratio
1139 2429 1361 2495 aconiunotivo

216 2555 375 2617 suspensa
391 2534 475 2596 ait.“
498 2534 561 2613 IV,
580 2539 640 2598 195
656 2541 710 2599 051
731 2573 761 2582 -
783 2543 918 2600 ferantur
934 2535 1163 2598 coniunctivus
1179 2535 1214 2597 in
1230 2533 1361 2596 membro

215 2637 256 2698 ab
277 2636 538 2718 interrogatione
558 2637 734 2721 pendente,
758 2660 789 2699 v.
811 2638 961 2715 Lachm.,
984 2637 1040 2720 qui
1060 2637 1168 2700 addit:
1192 2631 1362 2716 „simillimi

216 2745 295 2800 sunt
317 2737 339 2800 ii
362 2738 564 2802 coniunctivi
584 2761 666 2821 0000
686 2741 845 2802 habemus
866 2741 900 2803 10
921 2739 997 2803 libri
1013 2740 1068 2802 III
1088 2761 1186 2804 versu
1208 2742 1268 2804 507
1288 2737 1360 2800 etin

218 2839 280 2916 VI,
294 2843 395 2903 855.“
415 2840 476 2918 IV,
488 2844 549 2904 491
561 2865 567 2901 :
586 2853 617 2904 05
631 2849 712 2924 quod
722 2849 814 2906 molle
824 2843 874 2904 nt.
899 2843 960 2917 IV,
973 2847 1049 2906 598:
1062 2850 1258 2926 conloquium
1269 2845 1360 2904 clausis

216 2947 331 3004 foribus
356 2967 475 3024 quoque
500 2969 587 3026 saepe
611 2949 663 3006 ubi
689 2947 801 3008 (10000.
840 2945 893 3008 Sic
916 2945 1052 3008 Lachm.
1076 2967 1150 3029 pro:
1175 2943 1359 3028 Conloquium

218 3043 328 3106 clausis
344 3049 458 3108 foribus
475 3070 594 3127 000000
610 3071 697 3129 saepe
719 3054 864 3110 videmus.
895 3047 958 3123 IV,
977 3051 1049 3111 681.
1071 3049 1111 3125 V,
1130 3036 1207 3112 293:
1232 3057 1359 3133 perpetuo

217 3146 251 3206 oi
267 3146 441 3226 suppeditet
457 3153 533 3210 lucis
550 3157 640 3230 00005
649 3155 758 3231 ipsum.
781 3150 822 3227 V,
841 3153 918 3212 518:
936 3161 982 3212 est
993 3157 1084 3214 etiam
1094 3177 1216 3234 quoque
1227 3159 1272 3215 uti
1281 3153 1359 3234 possit
1401 3196 1404 3200 .

218 3255 335 3312 caelum
351 3273 438 3312 omne
454 3275 574 3313 manere
589 3256 622 3313 10
638 3258 778 3330 05051000,
794 3262 896 3343 tamen
913 3278 980 3315 eum
997 3258 1098 3316 lucida
1114 3260 1202 3335 signa
1211 3255 1356 3339 serentur.

220 3349 410 3412 Quadratus
421 3352 586 3435 ferrentur.
618 3352 660 3430 V,
678 3356 755 3416 844:
778 3380 831 3417 nec
853 3361 949 3418 facere
969 3366 1005 3418 ut
1020 3367 1143 3436 possent
1159 3363 1314 3439 quicquam
1331 3389 1355 3399 -

220 3475 275 3514 neo
291 3477 407 3516 sumere
424 3454 603 3538 quodforet
618 3481 697 3518 usus.
731 3456 784 3518 Sic
799 3457 936 3518 Lachm.
955 3479 1012 3539 pro
1029 3459 1121 3530 colet,
1139 3465 1177 3520 ut
1192 3459 1227 3521 in
1243 3459 1299 3536 IV,
1310 3457 1357 3519 831

221 3559 328 3630 facere,
344 3560 382 3617 ad
398 3561 492 3620 vitam
509 3581 584 3638 quae
601 3563 679 3620 foret
694 3584 775 3620 usus.
806 3558 850 3635 V,
869 3562 950 3622 1341
968 3579 1040 3640 sqq.

714 3819 784 3900 cap.
809 3821 880 3882 ru.

470 3997 525 4062 De
548 3999 720 4064 numeris
741 4010 778 4065 et
800 4003 981 4087 personis
1004 4002 1127 4069 verbi.

310 4173 339 4233 1.
364 4167 492 4232 Numeri
507 4170 600 4232 verbi.
628 4171 802 4252 disputaris
816 4174 916 4246 verbi,
925 4196 1021 4259 saepe
1038 4175 1170 4258 ponitur
1182 4200 1200 4239 a
1210 4175 1355 4249 Lucretio,

224 4272 251 4334 01
274 4272 314 4334 ad
335 4272 503 4356 complura
524 4273 673 4336 subiecta
692 4276 836 4356 pertinet
855 4277 1090 4360 praedicatum,
1113 4279 1182 4342 sive
1197 4279 1257 4343 illa
1271 4275 1356 4342 omnia
