2886 4998
209 305 268 368 100
627 323 776 368 666666.
809 325 880 369 oar.
899 324 930 367 v,

206 517 280 581 prot
307 519 361 578 pro
385 517 485 557 rerum
508 497 674 558 maiestatis
698 501 789 577 atque
813 500 949 578 repertis.
989 515 1020 555 v.
1044 495 1122 556 242:
1149 499 1222 558 haec
1247 499 1365 558 eadem.

206 621 237 662 v.
250 600 327 662 9476
346 602 428 662 Illud
443 602 475 659 in
490 595 538 656 776
552 602 640 660 rebus
655 621 693 660 ne
707 602 884 680 corripuisse
893 602 984 660 rearis
993 621 1042 661 me
1050 603 1126 662 mihi
1137 602 1217 660 cett.
1236 619 1267 660 v.
1281 600 1345 662 568
1357 619 1364 658 :

207 683 424 766 6116616776
445 703 613 762 intervallis
632 704 814 784 de.corpore
834 705 941 763 libant.
972 698 1026 763 Sic
1047 700 1183 763 Iraohm.
1205 721 1264 784 pro
1285 706 1368 764 nihil

206 810 263 868 nisi
279 807 455 868 intervallis.
476 822 508 864 v.
527 803 626 868 1214:
645 827 704 884 quo
720 809 758 867 ad
773 809 892 866 moenia
907 808 1013 866 mundi
1029 807 1152 868 solliciti
1167 813 1268 867 motus
1284 804 1368 865 7666
1438 861 1439 866 ,

207 913 323 991 possint
337 911 413 969 serre
429 910 572 970 laborem.
603 903 664 980 Vi,
683 907 722 968 50
739 927 811 988 sqq.
829 911 937 969 Cetera
951 929 1027 990 quae
1048 943 1079 954 -
1099 915 1226 970 tuentur
1244 943 1275 954 —
1291 907 1369 968 7666
1438 907 1439 910 ’

206 1016 322 1074 fuciunt
337 1014 452 1072 animos
468 1013 599 1072 humilis.
634 1030 666 1070 v.
691 1009 730 1072 76
753 1029 842 1092 sqq.:
869 1033 924 1072 nec
948 1014 986 1072 de
1009 1033 1133 1093 corpore
1156 1031 1233 1092 qaae
1256 1017 1368 1073 sancto

207 1117 365 1176 simulacra
381 1117 520 1174 feruntur
539 1149 569 1158 -
590 1117 740 1194 suscipere
755 1112 829 1173 7666
850 1149 878 1156 -
900 1117 1022 1176 valebis.
1053 1134 1084 1175 v.
1103 1114 1180 1176 374:
1205 1123 1369 1196 propterea

206 1222 285 1280 freta
307 1224 378 1282 sunt
401 1214 475 1276 7666
498 1217 569 1277 6661
594 1207 812 1278 66666166ῃέ16.
852 1213 937 1276 Haeo
965 1213 1069 1300 prima
1095 1236 1194 1278 manu
1217 1214 1367 1297 oblongo
1439 1251 1440 1274 ;

208 1316 301 1380 afuit.
333 1338 365 1379 v.
384 1317 461 1380 832:
488 1341 581 1399 prope
604 1318 811 1380 6616666776
834 1323 989 1402 linquatur
1010 1324 1116 1381 inanis.
1149 1317 1202 1380 Sic
1224 1315 1366 1379 Lachm.

207 1441 264 1504 pro
289 1443 382 1504 prope
407 1425 453 1483 uti
477 1426 559 1483 locus
584 1425 655 1484 hinc
678 1425 828 1502 linquitur
851 1427 958 1485 inanis.
990 1423 1141 1484 610566
1165 1419 1369 1484 1116616766

207 1529 295 1588 rebus
314 1528 416 1586 mirari
435 1529 534 1586 mitte.
566 1545 596 1585 v.
623 1524 721 1586 1212:
748 1547 841 1604 usque
862 1529 936 1587 adeo
956 1529 1061 1588 mortis
1081 1531 1180 1586 metus
1201 1522 1369 1586 77616666-

207 1637 286 1690 66666
305 1650 381 1689 acer.
412 1625 575 1688 Marullus
596 1625 643 1687 776
662 1645 720 1708 pro
740 1625 794 1698 776,
816 1625 856 1689 de
878 1647 940 1709 quo
965 1648 997 1688 v.
1022 1625 1157 1689 Lachm.
1182 1625 1224 1688 ad
1244 1624 1369 1688 librum
1440 1657 1441 1680 r

207 1727 270 1806 IV,
288 1731 361 1806 933,
378 1727 559 1790 Lambinus
575 1726 694 1790 Latine
716 1727 881 1790 incesserat
902 1750 960 1810 pro
976 1728 1158 1791 incurrerat.
1191 1728 1244 1790 Ad
1260 1748 1368 1810 genus
1440 1729 1441 1732 ’

208 1830 294 1913 quod
310 1830 444 1910 attinet,
462 1851 566 1913 genus
580 1831 847 1892 neutrumlrorcm
859 1837 989 1914 spectat
999 1830 1041 1893 ad
1050 1829 1220 1894 notionem
1230 1851 1368 1913 genera·

206 1935 272 1997 lem
291 1935 379 1996 rebus
399 1933 434 1995 in
456 1932 570 1996 eodem
592 1953 688 1996 versu
710 1932 852 2016 positam
867 1932 895 2010 1,
913 1936 991 1997 450:
1010 1940 1056 1998 his
1072 1939 1234 1998 coniuncta
1250 1938 1369 1996 duabus

207 2038 294 2100 66766
314 2061 349 2101 66
368 2042 502 2100 invenies
522 2046 576 2099 aut
595 2037 698 2098 766666
720 2046 828 2100 eventa
843 2041 967 2100 videbis.
1000 2036 1113 2099 Simile
1130 2036 1318 2120 exemplum
1334 2035 1369 2098 in
1441 2062 1442 2114 1

207 2139 398 2224 pronomine
406 2138 545 2202 relativo
556 2138 630 2202 vide
641 2137 726 2201 infra
735 2137 790 2200 111
797 2138 829 2216 b,
842 2138 921 2202 item
932 2138 965 2201 in
976 2138 1140 2202 adieetivo
1151 2161 1222 2223 cap.
1235 2138 1367 2202 XIIIb.

296 2242 356 2305 Ille
372 2247 502 2326 spectet
519 2241 559 2304 ad
576 2263 624 2319 ea,
648 2263 730 2324 quae
752 2247 944 2324 sequuntur,
963 2242 1013 2309 his
1029 2241 1127 2305 locis:
1153 2238 1183 2321 1,
1200 2245 1256 2306 301
1281 2243 1371 2304 17766

207 2352 237 2410 in
259 2352 305 2408 his
326 2351 414 2410 rebus
434 2369 547 2422 vereor,
569 2367 606 2407 ne
628 2351 705 2408 forte
726 2351 826 2410 rearis.
858 2368 889 2408 v.
906 2347 968 2410 370
990 2345 1073 2408 77767
1091 2383 1123 2394 --
1144 2350 1366 2429 quodquidam

206 2456 335 2530 fingunt.
367 2471 398 2511 v.
418 2451 517 2511 1052:
534 2446 628 2510 17767
648 2454 677 2510 16
698 2453 745 2512 1116
764 2453 853 2512 rebus
873 2455 963 2531 longe
984 2455 1055 2530 fuge
1077 2454 1206 2536 credere,
1226 2455 1365 2513 Memmi.

206 2551 254 2629 11,
273 2554 335 2615 184
355 2551 437 2614 illud
456 2575 585 2635 quoque.
616 2573 647 2613 v.
670 2551 938 2630 3081166166
958 2575 989 2616 v.
1013 2554 1086 2616 379.
1118 2551 1179 2630 IV,
1198 2553 1270 2616 794.
1290 2555 1364 2616 358.

207 2657 393 2718 8981991.
426 2653 469 2733 V,
488 2657 561 2718 146.
580 2655 658 2718 9476
682 2653 770 2716 Illud
791 2661 823 2717 in
844 2659 891 2718 his
910 2661 999 2719 rebus
1020 2681 1058 2719 ne
1080 2661 1258 2740 corripuisse
1272 2662 1366 2718 rearis

206 2781 243 2820 ne
260 2763 343 2820 mihi.
374 2780 406 2819 v.
424 2759 499 2820 590.
517 2760 589 2820 666.
607 2760 686 2820 982:
710 2762 762 2820 sed
777 2763 873 2838 magis
888 2757 1162 2836 illuderemus,
1182 2763 1264 2842 quod
1281 2763 1362 2821 cett.

208 2858 268 2936 VI,
287 2862 381 2923 1230.
414 2860 456 2938 V,
475 2864 509 2922 8:
527 2860 746 2923 (166677761616
766 2897 797 2907 -
818 2865 879 2942 qui.
911 2859 1105 2942 quadratus:
1127 2865 1199 2924 deus
1215 2866 1280 2944 ipso
1295 2865 1364 2924 fuit.

207 2961 260 3025 Ad
285 2961 452 3045 superiora
476 2961 683 3025 referendum
707 2969 759 3025 est
783 2962 818 3024 in
842 2962 893 3025 his
917 2962 1015 3025 locis:
1045 2963 1073 3041 Ι,
1099 2967 1140 3026 89
1164 2962 1223 3024 7776
1246 2967 1364 3044 religio.

206 3087 238 3126 v.
260 3065 333 3128 390.
364 3064 425 3142 IV,
448 3065 509 3127 317
534 3070 609 3127 aeris
633 3065 733 3128 777766.
772 3066 825 3129 Sic
845 3066 926 3129 Itali
948 3073 982 3129 et
1003 3064 1153 3148 impressi
1174 3065 1362 3150 procilius.

208 3189 238 3229 v.
259 3168 336 3231 ⁷19:
362 3172 591 3251 penetrantibus
615 3168 692 3230 77766.
730 3169 769 3246 V,
788 3171 866 3232 382:
893 3193 992 3233 nonne
1016 3175 1100 3233 vides
1124 3175 1255 3252 aliquam
1281 3173 1365 3250 longi

207 3275 378 3334 certaminis
393 3271 464 3332 67776
480 3295 565 3354 posse
582 3275 646 3333 dari
660 3277 760 3335 finem.
787 3271 840 3334 Sic
850 3271 1013 3334 Marullus
1028 3293 1086 3355 pro
1103 3271 1264 3334 certamini
1278 3271 1363 3334 66716.

208 3395 238 3434 v.
258 3376 355 3436 1416:
373 3380 416 3436 sic
431 3373 489 3435 7776
504 3378 612 3437 relicta
627 3385 721 3438 strata
737 3379 850 3438 cubilia
864 3384 944 3439 sunt.
974 3373 1034 3452 VI,
1054 3376 1130 3438 208:
1148 3380 1304 3437 flammeus
1320 3384 1366 3437 est

207 3481 383 3558 plerumque
405 3481 485 3539 colos
502 3487 533 3538 et
548 3482 724 3560 splendidus
740 3478 822 3540 67776.
854 3500 885 3540 v.
904 3479 981 3541 4⁷5:
1004 3501 1073 3540 nam
1093 3483 1171 3541 ratio
1186 3482 1365 3558 consangui-

207 3589 293 3642 neast
313 3584 466 3642 umoribus
488 3579 570 3642 67776.
603 3579 751 3662 (nubium
778 3579 906 3643 66111666
931 3601 967 3642 66
992 3579 1112 3662 maris).
1151 3577 1205 3642 Sic
1225 3578 1363 3642 Lachm.

207 3701 265 3765 pro
282 3679 386 3742 666676.
418 3681 466 3758 11,
483 3684 546 3745 369
567 3688 750 3764 fluminaque
766 3682 825 3746 7776
842 3665 1023 3764 significat:
1047 3682 1165 3765 quibus
1186 3681 1266 3744 olim
1282 3681 1364 3744 adeo

208 3782 374 3846 delectata
390 3789 442 3845 est
457 3784 563 3865 (Pelle
579 3783 699 3848 Philol.
713 3786 841 3865 XXVI,
854 3788 940 3869 315).
967 3785 1049 3848 Cum
1059 3785 1109 3848 776
1123 3783 1315 3868 pronomine
1331 3784 1365 3846 in

149 3891 151 3902 '
208 3909 273 3948 una
297 3884 526 3948 enunciatioue
551 3885 763 3950 coniunctum
789 3895 841 3952 est
859 3889 907 3966 11,
926 3892 966 3953 74
987 3888 1046 3951 7776
1066 3913 1218 3952 senescere
1238 3897 1271 3950 at
1292 3887 1365 3948 7666

208 3999 313 4053 contra
336 3996 489 4054 florescere
514 4001 636 4071 cogunt.
675 3990 718 4069 V,
742 3991 817 4056 780:
845 3997 971 4075 proinde
992 3998 1077 4073 quasi
1099 3997 1131 4056 id
1149 3997 1214 4056 fieri
1234 4003 1364 4076 nequeat

212 4131 243 4142 -
265 4097 431 4156 autminus
447 4093 501 4154 766
515 4092 572 4154 7776
591 4098 631 4157 616
647 4119 700 4157 eur
713 4099 892 4177 amplectier
906 4101 994 4158 ausis.

211 4225 214 4232 ·
292 4193 376 4257 17776.
409 4195 469 4271 117,
487 4197 582 4259 1059.
600 4196 753 4258 11661666
778 4195 953 4279 Oblongus
969 4203 1052 4261 Hinc
1067 4201 1129 4273 ille,
1146 4217 1165 4259 a
1180 4203 1364 4259 correctore

206 4304 289 4368 Hine
309 4303 411 4361 illaec:
433 4298 611 4386 quadratus
633 4305 714 4362 Hinc
730 4304 792 4378 illa,
813 4298 891 4362 olim
914 4299 1062 4388 impressi
1078 4305 1173 4379 illata,
1197 4298 1363 4362 Antonius
