2970 4974
433 368 532 412 norro
555 369 662 412 vuum.
694 369 914 414 nurornurm.
1189 358 1248 418 121

84 533 170 596 item
195 534 379 617 quadratus
401 534 461 613 IV,
484 539 536 614 53,
558 537 722 622 oblongus
742 539 861 601 vocari:
888 546 1058 624 praeterea
1078 541 1251 606 Lucretius

85 635 169 698 alibi
187 635 279 700 dixit
293 638 426 718 1696616,
443 645 586 719 6696161,
604 648 768 721 vocantur,
786 649 928 723 cayster.-
953 665 1009 706 cur
1025 665 1104 727 ergo
1121 644 1252 708 credam

85 761 163 802 eum
186 741 295 803 semel
316 747 373 804 aut
392 740 443 803 bis
464 740 533 804 sine
555 763 653 806 censa
672 765 783 824 ocyore
810 745 950 809 scribere
976 746 1130 810 moluisse
1155 771 1250 830 quem

86 848 299 909 mmmmm
331 843 373 921 V,
393 844 610 924 7336161161,
628 845 668 909 de
685 869 749 929 quo
765 870 797 911 v.
815 847 953 911 Lechm.

177 945 237 1008 Ad
261 969 355 1008 usum
382 946 648 1029 deponentialcm
671 949 842 1013 referende
867 950 967 1014 etiam
988 960 1065 1014 sunt
1086 951 1255 1036 complure

86 1047 270 1132 participia
285 1048 423 1131 perfecti
439 1048 562 1133 passivi
577 1073 595 1112 6
611 1050 719 1114 verbis
734 1052 850 1115 activis
861 1053 1002 1117 formate
1012 1053 1254 1137 significatione

87 1151 217 1230 activa,
244 1151 312 1216 sive
336 1151 546 1216 intransitiva
571 1152 639 1216 sive
661 1154 845 1219 transitiva.
878 1155 1255 1220 Ρ61111611116666166

86 1254 137 1331 ΙΙ,
155 1257 238 1324 448.
256 1257 333 1318 903:
356 1281 390 1318 ex
405 1257 717 1321 66166611116661116.
750 1257 811 1334 IV,
831 1260 889 1322 711
908 1271 1094 1324 consuetum.
1125 1282 1156 1323 v.
1175 1261 1252 1324 997:

87 1370 120 1420 61
137 1365 288 1421 consueta
312 1365 394 1422 domi
410 1365 578 1424 catulorum
594 1365 706 1424 blenda
722 1385 855 1444 propago
872 1369 953 1426 cett.
985 1353 1139 1426 Lechm.:
1158 1385 1254 1440 „coo-

88 1466 199 1524 6116166
217 1460 341 1543 estqui
357 1461 440 1524 vixit
456 1483 531 1524 oum
546 1462 619 1525 aliis
639 1469 673 1526 et
688 1463 848 1547 paulatim
865 1464 1109 1528 munsudfaotus
1126 1465 1255 1528 scilicet

89 1563 130 1624 ad
149 1563 343 1627 convictum
368 1569 402 1627 et
423 1563 683 1628 familiaritatem
698 1566 917 1650 perductus.“
946 1567 988 1646 V,
1007 1571 1083 1632 208:
1102 1578 1254 1633 consueta.

90 1666 152 1744 VI,
172 1669 238 1731 787
264 1674 405 1730 consucta
430 1692 545 1732 necere.
576 1692 608 1731 v.
633 1673 732 1733 1043:
759 1677 863 1751 sugere
888 1681 979 1755 etque
1003 1678 1088 1755 sequi
1113 1678 1255 1734 consueta

90 1776 239 1835 vicissim.
284 1770 389 1832 Uretur
418 1769 466 1849 II,
497 1773 559 1834 906
590 1797 666 1855 quae
696 1783 806 1837 cuncte
835 1781 972 1839 videmus
1001 1782 1106 1839 mollia
1134 1782 1256 1840 mortali

91 1880 261 1938 consistere
286 1898 408 1958 corpore
433 1880 526 1936 nera.
567 1875 628 1952 IV,
646 1878 752 1940 1228:
780 1888 977 1962 metemoque
1001 1904 1097 1943 meres
1122 1885 1257 1944 existunt

92 1985 229 2062 corpore
242 1977 328 2040 creti.
361 1977 402 2054 V,
420 1979 454 2039 6:
479 1984 600 2042 mortali
623 2004 745 2064 corpore
767 1987 877 2044 cretus.
909 2004 940 2044 v.
960 1984 1015 2044 60:
1040 1988 1133 2046 animi
1149 1994 1258 2047 natura

92 2091 217 2164 reperta
247 2089 293 2144 est
323 2086 426 2144 nativo
456 2087 586 2164 primum
617 2089 781 2148 consistere
811 2109 934 2168 corpore
965 2090 1059 2148 creta.
1097 2108 1129 2148 v.
1156 2089 1254 2150 1116:

93 2190 226 2266 pulchro
251 2209 374 2267 corpore
399 2186 485 2246 creti.
518 2185 546 2263 I,
567 2189 648 2250 1619
671 2199 821 2265 6ο161616,
843 2187 924 2250 item
947 2187 988 2266 V,
1008 2189 1081 2252 798.
1112 2187 1255 2265 111,20:

94 2293 144 2351 nix
160 2295 225 2352 acri
242 2292 380 2349 concreto
397 2295 513 2371 pruina.
545 2289 588 2366 V,
605 2292 667 2353 466
684 2293 797 2354 61468
814 2316 936 2374 corpore
952 2297 1100 2353 concreto.
1132 2314 1164 2352 v.
1180 2294 1254 2355 495:

95 2395 137 2452 sic
157 2395 258 2472 igitur
277 2398 374 2454 terrae
395 2398 530 2454 concreto
553 2418 675 2477 corpore
697 2399 816 2477 pondus
833 2400 981 2458 constitit.
1012 2415 1043 2456 v.
1064 2395 1162 2457 1257:
1181 2418 1257 2476 quae

97 2517 165 2556 cum
191 2499 332 2555 concreto
357 2499 502 2558 videbant
531 2535 562 2542 -
591 2503 757 2580 splendere.
795 2497 855 2574 Vl,
879 2500 938 2560 159
960 2502 1102 2561 concreti.
1133 2497 1259 2558 61161166
1289 2567 1299 2573 ,

96 2594 143 2672 Π,
163 2598 268 2660 11631
290 2602 498 2680 paulatimque
520 2605 630 2681 gradus
652 2600 764 2661 6611116
780 2605 921 2663 scandere
937 2600 1075 2662 adultae.
1107 2623 1139 2662 v.
1158 2601 1256 2663 1131:

96 2705 187 2763 robor
212 2699 365 2761 adacltcm.
397 2699 672 2779 V,800:ma101e
698 2741 728 2748 —
755 2701 931 2785 (animalia)
954 2703 1080 2790 6116111.1
1106 2726 1137 2766 v.
1157 2705 1256 2766 1225:

98 2809 213 2886 nequid
239 2806 277 2866 ob
301 2808 464 2867 admissum
489 2811 577 2868 foede
601 2812 754 2870 dictumve
775 2811 902 2890 superbe
924 2832 1088 2890 poenorum
1108 2829 1198 2888 greve
1220 2811 1260 2867 sit

99 2911 239 2970 solvendi
264 2911 379 2988 tempor
403 2908 554 2970 61611616,
592 2907 646 2971 Sic
665 2909 817 2987 Irsohm.²
843 2910 1015 2974 conferens
1041 2909 1260 2972 6616661666

101 3008 173 3091 (IV,
188 3009 298 3092 1038),
315 3031 373 3092 pro
390 3010 565 3073 61666161.
582 3049 612 3058 -
634 3012 751 3074 subitos
772 3041 803 3066 =
825 3035 907 3095 quae
924 3011 1027 3076 subiit
1043 3034 1108 3075 sec.
1125 3012 1260 3076 1111116-

100 3133 176 3174 nem
192 3111 241 3190 ΙΙ,
254 3113 332 3176 363:
351 3117 502 3177 oblectare
518 3120 652 3177 animum
667 3115 858 3198 subitamque
874 3127 1009 3180 evertere
1025 3141 1135 3180 curum.
1152 3116 1259 3200 effetus

100 3214 146 3294 11,
160 3218 263 3280 11661
282 3221 401 3297 iamque
417 3222 492 3279 adeo
508 3223 603 3280 116616
618 3226 765 3296 66166166,
782 3219 933 3303 effetaque
948 3225 1040 3283 tellus
1056 3225 1105 3282 vix
1120 3222 1261 3281 animalia

102 3344 193 3400 parve
217 3328 308 3382 creet.
340 3318 402 3396 Vl,
425 3321 502 3382 843:
529 3345 590 3401 quo
613 3326 709 3402 magis
734 3330 780 3384 est
804 3327 900 3404 igitur
922 3327 1013 3384 tellus
1039 3322 1127 3406 effeta
1153 3325 1259 3384 calore.

98 3428 279 3501 penetratur
304 3419 365 3497 IV,
392 3423 468 3484 670:
501 3447 577 3504 qnae
601 3428 766 3502 penetrata
797 3433 914 3507 queunt
937 3449 1057 3488 sensum
1080 3430 1261 3507 progignere

104 3533 252 3590 acerbum.
283 3527 483 3606 6164666.
507 3535 561 3588 eut
582 3535 739 3607 penetrare
761 3533 841 3590 locos
861 3552 955 3609 ecque
977 3533 1084 3609 nequit
1105 3536 1261 3608 61111666-

106 3633 219 3691 tratom
229 3652 317 3709 segre
331 3634 514 3692 admiscetur
528 3634 669 3693 muliebri
689 3635 801 3694 semine
817 3655 928 3694 semen.
953 3629 1104 3712 Denique
1119 3630 1264 3710 inpensus

105 3730 163 3810 VI,
194 3735 274 3796 491:
309 3739 472 3814 tempestus
502 3740 593 3813 atque
623 3738 766 3796 tenebrae
795 3739 953 3816 coperiunt
983 3739 1077 3798 merie
1106 3758 1139 3796 66
1168 3741 1262 3796 terres

106 3833 230 3916 inpensa
252 3859 388 3918 superne.
419 3833 652 3898 Lachmannus
677 3834 790 3898 docuit
813 3837 947 3917 impensa
974 3835 1039 3899 dici
1060 3856 1157 3920 posse
1180 3857 1261 3918 quse

105 3935 307 4022 impendent.

188 4041 436 4122 Nonnumquam
472 4040 670 4124 deponentia
704 4041 835 4124 passiva
869 4048 1026 4127 usurpata
1056 4039 1263 4123 reperiuntur

108 4142 357 4228 significatione.
400 4143 453 4206 Sic
478 4144 527 4217 ΙΙ,
554 4148 615 4208 516
646 4154 857 4209 remensumst.
903 4144 964 4221 IV,
991 4147 1075 4207 1186
1106 4150 1262 4208 meditate.

107 4246 258 4310 Passivae
279 4245 530 4328 significationis
551 4246 700 4308 effictum
720 4253 772 4310 est
795 4248 894 4311 etiam
917 4245 1114 4310 adiectivum
1138 4246 1263 4308 incomi-

108 4355 200 4449 tqtcs,
218 4349 306 4430 quod
322 4348 489 4412 invenitur
505 4348 564 4425 Vl,
584 4351 678 4412 1225.
