2886 4998
449 367 498 410 111.
524 367 622 412 suos.
649 366 845 411 nnunrrvuu.
1166 351 1226 416 10⁷

64 536 116 595 illa
133 544 177 597 et.
209 533 302 598 unice
319 557 433 598 verum
449 543 501 600 est
516 541 599 600 Hinc
615 536 720 608 illaec,
738 543 772 600 et
786 534 872 600 infra
889 539 970 602 1083
987 537 1079 602 illaec
1094 543 1230 621 germina

64 633 123 716 (sic
151 636 281 701 amicus
306 637 482 721 Lambini).
514 640 577 701 hoc
603 638 712 702 locum
736 639 839 704 habet
859 639 916 703 ubi
937 640 995 704 illa
1017 662 1148 704 versum
1163 663 1230 704 non

64 738 196 822 explet.

412 897 465 948 111.
503 899 682 949 Pronomen
701 899 889 949 relativum,

154 1069 188 1110 a.
220 1048 423 1134 Sipafficolc'o.
465 1050 562 1112 Pron.
589 1049 761 1113 relativum
786 1050 919 1134 ponitur
942 1050 976 1114 iu
1001 1049 1230 1117 enunciatione

65 1150 266 1214 secundaria
296 1150 338 1214 ad
366 1143 534 1218 notione'm
564 1151 707 1234 aliquam
735 1153 920 1218 accuratius
946 1153 1176 1237 exponendam'
1196 1163 1231 1218 ct

66 1250 334 1323 describendam.
378 1254 407 1332 I,
434 1257 468 1318 8:
500 1276 576 1338 quoe
604 1278 686 1320 mare
710 1261 895 1338 navigerum,
920 1279 998 1340 qaae
1021 1267 1114 1322 terras
1138 1264 1231 1340 frugi-

68 1361 216 1420 l'crentois
238 1362 438 1422 concelebras.
469 1356 595 1420 Eodem
617 1357 714 1422 modo
730 1367 880 1444 ῥητορικῶς
895 1359 1074 1442 repetitum
1090 1366 1142 1423 est
1157 1382 1231 1442 pro·

68 1478 192 1522 nomen
209 1482 240 1521 v.
260 1461 332 1522 278.
356 1458 423 1537 III,
442 1463 520 1524 985:
544 1485 598 1524 nec
619 1461 699 1544 qaod
718 1467 773 1524 sub
795 1486 905 1544 magno
921 1472 1095 1526 scrutentur
1110 1474 1231 1545 pectore

1 1573 2 1576 ’
69 1566 234 1644 quicquam
270 1571 447 1645 perpetuam
481 1573 612 1627 aetatem
649 1574 774 1646 possunt
809 1571 938 1648 reperire
969 1572 1114 1648 profecto.
1162 1565 1231 1648 (Sic

69 1661 236 1726 Marullus
266 1686 323 1748 pro
353 1665 449 1748 qaid).
490 1665 551 1742 IV,
579 1668 634 1730 71:
667 1676 781 1748 quanto
809 1674 908 1732 minus
936 1672 1109 1750 indupediri
1138 1689 1233 1751 pauca

1 1785 2 1849 j
70 1777 190 1847 queunt
212 1776 243 1830 et
263 1779 431 1850 quaesunt
451 1773 547 1850 prima
568 1774 666 1832 fronte
683 1774 782 1832 locata
798 1775 889 1854 (quae
905 1769 1033 1834 eddidit
1048 1770 1231 1834 Lachman-

71 1871 158 1951 nus).
195 1891 226 1934 v.
251 1873 327 1934 116:
355 1876 484 1953 primurn
509 1877 650 1934 animalia
675 1882 747 1936 sunt
767 1879 825 1938 iarn
848 1879 959 1958 partim
978 1880 1107 1952 tantula,
1132 1895 1232 1936 coram

1 2007 2 2010 =
71 1979 165 2038 tertia
180 1998 247 2056 pars
264 1979 349 2038 nulla
364 1980 459 2056 possit
474 1979 591 2038 ratione
607 1981 711 2040 videri.
742 1975 806 2056 (Sic
824 1997 880 2058 pro
898 1997 998 2038 eoram
1014 1977 1230 2054 Parmannus,

73 2073 135 2136 nisi
154 2071 241 2158 quod
257 2075 389 2160 scripsit
404 2098 538 2160 qaorum,
557 2101 586 2140 v.
604 2077 766 2161 beelim).
794 2100 823 2139 v.
839 2080 913 2142 760:
932 2088 1012 2142 certe
1028 2089 1063 2142 ut
1078 2085 1233 2144 videamur

73 2201 193 2244 cernere
215 2205 284 2242 eum
306 2200 389 2262 quem
410 2185 530 2244 reddita
545 2206 599 2262 pro
615 2187 678 2254 vita
694 2187 751 2244 iam
769 2207 847 2244 mors
864 2191 895 2244 et
911 2190 991 2244 terra
1006 2188 1144 2263 potitust.
1177 2181 1231 2244 Sic

75 2278 154 2344 ltali
174 2289 208 2344 et
223 2281 387 2344 Marullus
408 2304 473 2344 conr
489 2304 573 2366 quern
589 2306 645 2366 pro
663 2305 727 2346 eam
744 2305 811 2368 quc.
838 2306 869 2346 v.
886 2287 963 2348 862:
981 2306 1058 2367 qaae
1074 2290 1145 2367 quia
1160 2294 1232 2349 sunt

75 2391 204 2448 exercite
227 2395 323 2462 motu,
347 2390 445 2448 multa
469 2411 522 2468 per
545 2393 787 2475 osexhalantur.
829 2386 882 2448 Sic
907 2386 1045 2450 Lechm.
1073 2409 1103 2449 v.
1131 2391 1229 2452 1021:

1 2537 2 2552 .
76 2493 173 2564 multi,
190 2493 227 2550 de
243 2493 398 2552 montibus
414 2493 484 2552 altis
499 2499 535 2552 ut
550 2490 602 2572 qni
619 2495 819 2572 praecipitent
834 2494 873 2552 ad
888 2499 999 2554 terram
1015 2514 1138 2572 corpore
1154 2500 1231 2567 toto,

1 2604 3 2633 l
76 2598 279 2654 exterrentur.
319 2589 509 2654 Quadratus
534 2599 568 2652 ct
593 2599 757 2656 corrector
781 2591 929 2676 oblongi,
959 2591 1040 2654 item
1065 2591 1232 2658 Antonius

77 2688 284 2754 Florentinus
302 2699 336 2754 et
352 2692 429 2756 olim
445 2693 605 2778 impressi,
623 2703 666 2759 Ut
676 2701 760 2778 quasi
771 2701 980 2778 praecipitent.
1008 2691 1233 2758 Wakefieldus

77 2805 163 2858 recte
187 2794 342 2878 probavit
366 2795 428 2879 qui.
467 2795 509 2873 V,
535 2799 553 2860 3
575 2820 643 2880 sq.:
669 2805 774 2880 quisve
799 2804 879 2862 valet
904 2803 1001 2862 verbis
1025 2807 1156 2874 tantum,
1180 2797 1234 2880 qai

2 2964 3 2979 p
79 2896 125 2975 (=
148 2901 198 2981 ut)
223 2905 335 2979 fingere
360 2905 463 2962 laudes
488 2925 542 2982 pro
566 2907 681 2964 meritis
705 2908 768 2964 eius
791 2907 895 2984 possit,
920 2900 972 2984 pai
992 2907 1066 2966 talia
1087 2906 1174 2964 nobis
1197 2936 1228 2948 ·-

1 2984 2 3013 ¹
78 3002 185 3083 liquit?
218 3001 406 3084 (Oblongus
422 3004 495 3085 quia
518 3003 596 3065 lolia
618 3003 726 3083 rectis).
763 3027 794 3066 v.
820 3007 896 3066 152:
924 3013 1048 3085 tangere
1073 3008 1153 3066 enim
1173 3028 1234 3066 non

79 3110 143 3184 quit
162 3105 243 3187 qaod
263 3112 347 3186 tangi
369 3131 431 3187 nop
451 3112 523 3170 licet
539 3112 647 3188 ipsum.
680 3106 732 3168 Sic
750 3106 912 3168 Marullus
931 3127 989 3189 pro
1006 3107 1086 3190 quod
1100 3105 1138 3168 si.
1171 3104 1231 3182 vl,

81 3207 154 3268 586:
171 3213 205 3270 in
221 3213 307 3289 Syria
322 3213 433 3272 Sidone
449 3212 531 3290 quod
546 3213 657 3272 accidit
673 3221 704 3272 et
720 3215 865 3290 suitAegi
881 3215 913 3272 in
924 3214 1142 3291 Peloponnes0‚
1159 3227 1234 3290 qaas

80 3315 172 3374 exitus
188 3315 239 3372 hio
255 3316 364 3374 animai
381 3316 532 3374 disturbat
548 3312 645 3374 cartes.
679 3309 732 3372 Sic
749 3311 913 3374 Aventius
931 3333 987 3393 pro
1004 3333 1074 3393 qaia.
1107 3331 1138 3371 v.
1159 3310 1231 3372 771:

80 3419 181 3491 multa,
199 3418 266 3476 cibo
281 3435 358 3496 quae
373 3423 453 3478 sunt.
483 3413 536 3476 Sic
553 3420 641 3476 recte
658 3412 895 3490 WakefielduS,
914 3419 948 3476 et
964 3411 1095 3494 quidem
1110 3410 1233 3494 primus

81 3514 181 3579 edidit
205 3538 263 3599 pro
288 3522 385 3580 multa
408 3523 475 3580 cibo
500 3541 575 3598 equo
600 3527 671 3579 sunt
695 3522 808 3580 vitalia.
844 3515 891 3578 sic
915 3501 1063 3579 versu'v.
1089 3517 1171 3578 1095
1192 3521 1235 3578 Et
1264 3537 1269 3544 ·

82 3630 181 3684 contra
197 3641 275 3704 quae
290 3626 351 3684 sint
367 3626 471 3684 morbo
487 3625 638 3701 mortique
655 3628 804 3682 necessest
818 3623 917 3682 multa
931 3624 1041 3682 volare.
1063 3616 1126 3693 VI,
1138 3619 1232 3680 1089:

81 3723 156 3802 quod
176 3729 274 3803 magis
295 3729 326 3785 in
347 3728 446 3806 lapide
467 3731 523 3786 hoc
544 3728 606 3786 lieri
629 3728 766 3803 ferroque
789 3727 918 3784 videtur.
958 3719 1023 3799 Qec
1045 3719 1140 3800 alapis
1156 3741 1235 3800 qua·

82 3821 203 3887 dietus,
234 3823 414 3888 Nonnullis
430 3825 512 3888 locis
529 3825 725 3890 correlatum
742 3824 790 3884 lic
806 3823 955 3906 sequitur
971 3820 1235 3886 enunciationem

1 3947 2 3962 ³
82 3927 260 4005 relativam,
285 3927 331 3989 sic
347 3927 415 4006 III,
432 3931 509 3992 441:
534 3933 646 4011 quippe
668 3933 781 3990 etenim
802 3951 908 4010 corpus
934 3963 963 3976 -
991 3946 1079 4008 qaum
1095 3928 1234 3988 cohibere

83 4037 184 4112 nequit
211 4069 241 4076 -
267 4039 335 4094 atre
356 4037 407 4113 qui
430 4037 531 4095 credas
552 4055 638 4115 posse
658 4030 737 4092 taric
760 4035 927 4094 cohiberier
951 4033 1035 4091 ullo?
1073 4025 1126 4088 Sic
1151 4025 1234 4088 bene

84 4131 241 4196 Marullus
261 4155 319 4216 pro
341 4157 418 4198 cam.
449 4134 510 4211 IV,
529 4137 607 4197 596:
629 4159 690 4198 non
711 4142 757 4196 est
775 4138 946 4198 mirandum
966 4155 1026 4213 qua
1040 4134 1166 4204 ratione,
1182 4153 1236 4210 per

85 4234 145 4298 loce
167 4253 245 4320 qaae
263 4248 421 4320 nequeunt
440 4244 519 4301 oculi
538 4263 584 4301 res
607 4261 726 4302 cernere
746 4246 874 4319 apertas,
894 4236 968 4298 hoec
989 4233 1056 4296 loco
1076 4258 1129 4316 per
1148 4257 1235 4294 voces

2 4422 8 4437 Ι
86 4345 202 4404 veniant
222 4347 361 4424 aurisque
383 4347 540 4404 lacessant.
571 4339 632 4416 Vl,
651 4341 748 4403 1205:
773 4345 952 4424 profluvium
973 4361 1061 4418 porro
1077 4335 1129 4426 qui
1144 4339 1235 4400 taetri
