2978 4964
231 383 270 444 62
368 419 377 435 s
644 398 798 442 recusos.
831 399 903 444 oss.
922 397 969 443 rv.

226 580 335 648 stoto,
352 595 367 632 e
382 576 487 647 tantis,
504 595 519 632 e
535 574 633 633 thuris
649 573 776 651 glebis.“
798 567 845 645 II,
859 571 937 632 305:
959 575 1089 650 effugere
1106 593 1140 631 ex
1157 575 1249 632 omni.
1266 591 1296 630 v.
1311 569 1395 630 715:

225 679 350 754 fugiunt
365 698 380 736 e
397 697 528 755 corpore.
551 695 583 734 v.
601 674 682 734 438:
700 681 791 754 atque
808 693 844 732 ou
860 672 975 756 offensu
991 695 1060 734 cum
1075 677 1201 735 turbant
1217 695 1343 754 corpore
1361 675 1396 732 in

225 782 292 858 ipso
311 781 424 839 semina
444 775 489 858 (in
509 774 613 857 Folge
636 774 718 857 des).
750 773 818 851 III,
836 775 915 837 157:
940 779 1097 838 concidere
1114 796 1150 836 ca
1165 780 1259 838 animi
1275 780 1396 835 terrore

225 884 361 941 videmur
376 903 465 961 saepe
481 884 627 942 homines.
658 901 690 940 v.
708 881 788 942 441:
806 902 913 960 eorpus
934 915 964 922 -
979 886 1213 960 conquassatum
1229 899 1266 938 ea·
1282 876 1395 960 aliqua

224 1002 268 1043 re.
291 981 333 1058 V,
351 985 450 1045 1146:
467 1003 503 1042 ea
518 979 692 1043 inimicitiis
708 986 882 1062 languebat.
913 982 1057 1043 v.1148:
1075 985 1172 1043 acrius
1189 1001 1224 1041 ea
1243 979 1292 1040 tra
1307 984 1395 1061 quod

230 1121 262 1130 -—
282 1108 313 1147 se
334 1090 462 1167 quisque
483 1089 618 1166 parebat.
649 1083 712 1159 VI,
732 1085 787 1146 72:
814 1093 849 1146 ut
874 1103 909 1144 ee
934 1082 983 1144 iro
1008 1107 1118 1165 poenas
1143 1091 1247 1165 petere
1270 1087 1396 1146 inbibat

226 1193 312 1250 ocris.
343 1209 374 1248 v.
395 1189 471 1249 280:
490 1185 650 1269 (calescit)
667 1209 682 1248 e
698 1186 875 1266 consopitos
889 1191 979 1268 ignis.
1010 1185 1154 1262 11‚6122
1173 1190 1244 1267 quia
1259 1191 1395 1268 primum

226 1311 262 1350 ec
282 1288 478 1374 ellirfico'bur
493 1295 589 1354 edunt
608 1327 640 1336 -
662 1296 762 1372 fruges
778 1295 910 1372 coepisse
926 1294 1028 1352 creari.
1056 1311 1086 1351 v.
1099 1289 1176 1352 660:
1195 1309 1231 1350 etc
1246 1310 1307 1350 auo
1322 1297 1400 1351 ton=

227 1396 333 1455 dentes
355 1397 491 1474 gramina
511 1413 624 1473 campe.
658 1415 689 1455 v.
709 1394 786 1456 663:
810 1415 846 1454 ec
866 1413 986 1474 conoque
1007 1397 1090 1455 sitim
1110 1397 1250 1455 sedenter
1258 1391 1395 1474 flamine

226 1500 326 1576 aquai.
342 1517 373 1556 v.
388 1496 464 1559 711:
481 1520 535 1559 sua
544 1501 652 1576 cuique
663 1495 738 1558 cibis
748 1517 784 1557 ee
794 1494 929 1557 omnibus
938 1500 1022 1558 intus
1032 1500 1063 1556 in
1074 1503 1156 1558 artus
1171 1531 1203 1539 -
1218 1498 1393 1558 discedunt.

225 1619 258 1659 v.
271 1598 350 1661 873:
368 1607 507 1680 putorem
525 1624 592 1688 cum
608 1603 666 1662 sibi
681 1607 771 1662 nacta
785 1607 832 1661 est
847 1597 1066 1678 intempestivis
1082 1619 1117 1658 ea
1133 1595 1278 1658 taurios
1288 1601 1394 1659 umida

226 1705 329 1764 tellus.
345 1722 377 1762 v.
391 1703 452 1764 968
462 1724 468 1760 ε
480 1706 655 1783 nullamque
664 1691 855 1784 voluptbtem
865 1725 969 1784 capere
980 1722 1016 1762 ee·
1025 1721 1066 1762 se.
1085 1699 1236 1777 V1,628:
1254 1701 1407 1764 umorem

231 1826 341 1883 magno
363 1813 543 1887 conceptum
565 1826 601 1866 ea
621 1825 749 1888 aequore
771 1810 867 1886 ponti.
898 1803 1174 1881 II,194ecortro
1197 1827 1264 1866 com
1282 1803 1393 1865 misser

227 1926 351 1986 corpore
372 1913 494 1988 sanguis
516 1912 634 1970 emicet.
665 1930 697 1969 v.
719 1909 817 1970 1000:
839 1907 991 1969 missumst
1011 1927 1047 1968 ee
1068 1912 1199 1969 aetheris
1222 1905 1296 1968 orie.
1328 1904 1390 1980 VI,

231 2010 309 2072 25⁷:
336 2034 352 2073 e
377 2014 460 2072 caelo
483 2016 656 2074 demissum.
693 2010 742 2087 ΙΙ,
766 2012 865 2073 1041:
892 2029 1020 2090 esposse
1046 2030 1082 2070 ca
1105 2009 1206 2072 ocimo
1231 2014 1391 2072 rationem.

228 2110 290 2188 VI,
308 2115 365 2174 68:
388 2137 464 2194 quae
485 2118 544 2176 nisi
563 2113 683 2194 respuis
701 2134 736 2174 ea
759 2113 860 2176 animo
882 2119 1032 2195 longeque
1048 2117 1189 2176 remittis.
1220 2110 1269 2188 ΙΙ,
1288 2113 1389 2174 1112:

228 2220 302 2278 locis
327 2240 362 2278 ex
387 2220 534 2279 omnibus.
566 2216 634 2291 III,
652 2219 687 2280 1:
711 2215 891 2278 illlecebris
912 2215 1009 2278 teretia
1030 2225 1093 2278 tam
1114 2220 1229 2292 clarum
1246 2219 1393 2277 extollere

228 2323 336 2381 lumen·
347 2324 399 2400 qui
410 2325 523 2400 primus
534 2325 663 2401 potuisti
678 2317 737 2401 (sio
748 2318 885 2381 Lachm.
897 2340 954 2402 pro
971 2317 1016 2400 0).
1033 2341 1066 2380 v.
1078 2319 1156 2410 817:
1174 2341 1230 2380 neo
1245 2323 1392 2380 radicitus

232 2421 327 2482 culta
344 2447 375 2485 se
391 2427 475 2485 tollit
491 2431 522 2485 et
538 2427 619 2485 eicit.
646 2421 707 2498 VI,
724 2424 785 2484 506
802 2443 838 2484 eo
854 2421 989 2484 omuibus
1004 2421 1143 2482 amciter
1158 2445 1245 2484 umor
1259 2426 1391 2484 tollitur.

230 2523 297 2601 III,
317 2527 374 2587 10:
400 2524 523 2606 tutaque
548 2546 597 2597 ea,
622 2530 747 2604 inclute,
772 2525 898 2603 chartis,
924 2563 956 2570 -
983 2529 1084 2588 omnia
1105 2549 1159 2587 nos
1179 2528 1287 2586 itidem
1303 2529 1393 2606 depa-

228 2632 340 2689 scimur
362 2651 452 2690 surea
474 2632 564 2691 dicta.
595 2650 627 2690 v.
645 2631 701 2690 49:
722 2633 821 2710 fugati
836 2633 994 2706 conspectu
1010 2648 1046 2688 ec
1061 2633 1228 2690 hominum.
1261 2649 1292 2688 v.
1312 2629 1391 2690 137:

227 2754 318 2793 unam
338 2738 478 2794 naturam
499 2737 643 2795 conficere
665 2751 701 2792 ee
720 2752 762 2792 ee.
795 2753 825 2793 v.
847 2731 923 2794 163:
941 2735 1089 2813 corripere
1106 2751 1142 2793 ee
1156 2751 1257 2792 somno
1274 2755 1392 2813 corpus.
1474 2741 1475 2760 ¹

228 2854 260 2895 v.
274 2835 353 2895 218:
371 2858 387 2896 e
403 2842 471 2897 toto
486 2871 517 2881 -
532 2858 656 2916 corpore
672 2840 770 2897 cessit.
793 2832 856 2910 IV,
868 2837 945 2896 862:
963 2833 1139 2916 (recedere)
1156 2859 1191 2896 ex
1206 2838 1392 2897 animalibu’.

228 2933 388 3011 111439:
406 2961 475 2999 cum
484 2943 577 3000 semel
589 2957 625 2998 ea·
634 2943 764 3000 hominis
774 2936 910 2998 membris
919 2941 1022 2999 ableto
1030 2936 1164 2998 recessit.
1182 2958 1214 2998 v.
1227 2939 1305 3000 289:
1323 2962 1392 2999 cum

232 3043 373 3101 fervescit
397 3048 429 3102 et
453 3060 489 3100 ec
513 3039 609 3100 occulis
633 3046 725 3104 micet
749 3039 870 3102 ceribus
894 3043 990 3102 ardor.
1022 3038 1082 3122 (sio
1101 3044 1192 3101 reete
1208 3039 1392 3102 Lambinus

227 3162 285 3222 pro
297 3141 425 3224 cortus).
451 3163 483 3204 v.
496 3142 575 3205 327:
593 3142 820 3223 ethurisylebir
830 3147 958 3206 evellere
968 3148 1100 3207 odorem.
1124 3164 1155 3204 v.
1170 3144 1248 3205 545:
1267 3167 1306 3206 an
1322 3167 1392 3206 con·

228 3253 327 3307 tracta
350 3244 416 3308 ruis
446 3265 462 3306 c
488 3244 631 3340 partibus
655 3250 858 3310 obbrutescat.
897 3267 930 3307 v.
957 3248 1035 3308 908:
1060 3269 1208 3309 merorem
1233 3265 1248 3306 e
1265 3251 1393 3326 pectore

229 3353 340 3412 demet.
371 3371 403 3410 v.
422 3350 502 3411 925:
526 3369 562 3409 ec
581 3369 681 3409 somno
697 3373 728 3412 se
744 3355 872 3431 colligit.
903 3371 935 3410 v.
954 3350 1052 3411 1060:
1079 3354 1141 3412 exit
1161 3385 1192 3396 -
1213 3355 1332 3429 magnis
1357 3375 1392 3412 ex

229 3456 364 3514 oedibus.
389 3451 431 3528 V,
444 3453 523 3516 341:
542 3460 595 3514 aut
610 3472 646 3512 ec
661 3450 806 3514 imbribus
821 3451 961 3516 adsiduis
978 3451 1073 3514 obisse
1088 3475 1209 3534 rapaces
1231 3489 1261 3498 —
1277 3476 1390 3516 amnes.
1472 3479 1473 3488 ³

227 3576 259 3616 u.
278 3554 356 3616 833:
380 3579 468 3637 porro
488 3559 566 3618 aliut
588 3559 725 3617 clarescit
747 3562 778 3617 et
798 3575 813 3616 e
833 3556 1050 3636 contemptibus
1072 3555 1145 3617 ecit.
1178 3554 1209 3617 Ε
1225 3554 1390 3617 Marullus

183 3651 186 3658 ’
229 3655 419 3719 addendum
435 3655 529 3720 vidit.
561 3679 594 3719 v.
613 3658 713 3720 1278:
732 3680 747 3719 e
763 3663 989 3739 contemptibus
1006 3664 1076 3721 exit.
1106 3656 1168 3734 IV,
1188 3659 1287 3720 1022:
1306 3666 1340 3721 et
1355 3679 1391 3720 ec

226 3781 327 3823 somno
349 3764 434 3842 qnasi
454 3765 601 3822 mentibu’
624 3765 706 3842 eapti
725 3765 775 3822 vix
797 3766 835 3822 ad
859 3786 890 3824 se
912 3767 1049 3824 redeunt.
1080 3759 1141 3837 IV,
1159 3762 1198 3823 91
1217 3782 1286 3842 sq.t
1305 3765 1390 3838 odor,

226 3870 336 3942 fumus,
358 3887 453 3946 vapor
474 3870 565 3943 atque
588 3867 664 3926 aliae
683 3888 729 3926 res
750 3868 931 3943 consimiles,
953 3867 1021 3927 ideo
1037 3869 1145 3926 diffusa
1161 3883 1176 3924 e
1190 3863 1280 3925 rebus
1294 3868 1390 3926 abun·
1471 3843 1472 3855 ¹

227 3970 311 4043 dant,
336 3987 373 4028 eo
388 3965 452 4027 ullo
474 3970 545 4048 quia
566 3969 639 4028 dum
658 3971 796 4044 veniunt,
822 3972 1000 4032 extrinsecu'
1024 3975 1105 4030 torte
1130 3971 1312 4029 scinduntur
1337 3993 1391 4050 per

226 4074 286 4132 iter
305 4073 424 4132 flexum.
455 4067 688 4131 Lachmannus
714 4069 828 4154 ἅψεα
853 4091 868 4132 e
891 4091 950 4153 pro
976 4069 1119 4154 da'ffmae,
1142 4068 1325 4132 Lambinus
1349 4070 1388 4132 ad
1470 4059 1471 4130 Ῑ

228 4171 361 4257 diffusae
383 4170 512 4235 addidit
532 4192 558 4234 e.
585 4191 621 4232 ea
641 4172 705 4233 alto
726 4178 760 4234 et
782 4172 969 4236 extrinsecas
988 4171 1052 4235 sibi
1073 4171 1213 4234 invicem
1235 4173 1389 4256 opposita

226 4281 316 4337 sunt.
354 4274 417 4352 IV,
440 4276 517 4339 107:
540 4279 674 4339 reddunt
693 4281 883 4358 speculorum
906 4296 943 4336 ea
964 4295 1093 4359 aequore
1111 4281 1218 4339 visum.
1250 4298 1282 4338 v.
1307 4278 1385 4339 157:

226 4383 317 4440 fluere
338 4415 368 4423 —
390 4403 406 4441 e
428 4402 551 4461 corpore
572 4401 697 4441 summe.
728 4377 772 4454 V,
790 4381 868 4442 601:
893 4401 930 4440 ee
944 4399 1005 4441 uno
1021 4378 1186 4460 copitehio
1202 4389 1237 4442 ut
1246 4381 1387 4464 profluat
