2886 4998
230 386 292 447 130
637 401 781 446 666666.
814 401 885 444 ose.
904 401 977 446 vm.

227 573 302 634 414.
320 568 382 646 IV,
402 571 479 633 7736
503 569 620 630 seilicet
639 569 674 630 id
685 569 761 650 fieri
777 575 868 633 celeri
884 575 1001 634 ratione
1011 571 1228 650 putandumst.
1261 571 1293 648 1,
1314 573 1390 633 205:

152 715 158 722 -
227 673 277 734 nil
290 677 386 754 igitur
400 677 464 736 fieri
481 677 518 736 de
534 677 597 736 nilo
608 671 913 755 possejbieuduuui.
940 695 972 735 v.
985 675 1063 736 399:
1082 679 1186 736 666616
1198 679 1288 736 rebus
1299 674 1393 734 16666

227 786 330 840 tamen
339 774 473 860 fateare
493 783 652 839 necessest.
683 773 713 852 I,
731 777 809 837 2696
833 795 911 859 quae
926 797 1052 856 corpora
1067 785 1136 839 6666
1152 785 1308 840 necessest
1323 797 1391 836 666-

218 881 832 961 616666666616666666666666661666,
854 900 886 940 v.
899 881 977 942 224:
995 884 1109 942 nullius
1126 878 1254 940 esitium
1266 876 1390 958 potitur

227 989 337 1044 natura
360 979 471 1042 videri.
503 1002 534 1042 v.
554 981 615 1042 268
633 1001 699 1060 sq.:
726 1004 781 1043 666
801 981 897 1042 ullam
918 1003 981 1042 rem
996 981 1086 1062 qiqei
1095 981 1233 1062 6611166.
1266 979 1310 1056 V,
1329 981 1388 1042 353

228 1107 282 1145 nec
299 1088 464 1162 pererrare
478 1081 550 1162 pati
575 1119 607 1130 —
631 1082 802 1166 quicquum.
833 1083 862 1160 Ι,
880 1084 941 1146 832
958 1105 1027 1164 sq.:
1053 1108 1108 1147 666
1131 1083 1214 1145 siner
1238 1088 1386 1144 errantem

228 1185 370 1246 dubidare
394 1192 425 1247 66
449 1205 593 1268 quaerere
617 1210 734 1268 semper
758 1191 795 1248 66
816 1211 933 1249 summe
952 1211 1051 1250 rerum
1071 1196 1103 1248 66
1118 1191 1230 1249 nostris
1246 1184 1387 1269 diffidere

228 1293 327 1350 616616.
349 1311 380 1350 v.
394 1290 455 1350 265
467 1309 535 1368 sq.:
554 1308 602 1350 res
611 1293 754 1369 quonism
770 1289 859 1350 docui
874 1313 935 1351 non
944 1308 1034 1368 posse
1049 1293 1143 1352 creari
1159 1293 1196 1351 de
1213 1293 1277 1351 nilo
1292 1311 1385 1368 neque

228 1396 302 1454 16666
318 1395 438 1471 genibus
453 1395 492 1452 66
507 1395 551 1453 611
564 1395 707 1453 revocari.
730 1389 791 1468 VI,
802 1392 843 1454 43
855 1412 926 1473 sqq.
946 1391 1005 1453 271
1023 1411 1072 1472 sq.
1085 1413 1091 1450 :
1110 1391 1201 1453 docui
1221 1429 1255 1438 -
1275 1396 1385 1454 semina

227 1493 336 1554 habere
352 1513 442 1554 66666
457 1492 561 1554 rubes.
593 1493 834 1569 1841666166
857 1529 888 1539 -
908 1497 1021 1556 moveri
1037 1499 1197 1556 cernimus.
1224 1491 1274 1569 ΙΙ,
1286 1493 1327 1553 69
1339 1513 1382 1570 sq.

229 1597 307 1657 2696
329 1619 390 1658 666
410 1595 519 1658 cedere
539 1599 570 1658 16
586 1604 698 1658 borram
714 1600 817 1660 6661166
833 1605 865 1658 66
880 1601 978 1659 sidere
993 1595 1114 1658 6666161
1143 1594 1186 1671 V,
1205 1596 1382 1659 866-316.

227 1696 258 1775 l,
275 1699 353 1760 365:
372 1702 440 1780 plus
456 1723 519 1761 esse
535 1702 593 1760 sibi
609 1698 747 1761 66616661
763 1703 868 1761 inanis.
900 1720 931 1760 v.
949 1701 1011 1761 366
1028 1719 1077 1780 sq.
1098 1706 1132 1762 66
1147 1707 1254 1761 contra
1269 1702 1382 1779 gravius

224 1799 345 1880 616616
365 1825 396 1862 se
416 1806 548 1882 corporis
565 1821 628 1862 esse
643 1799 766 1862 dedisci
781 1810 812 1864 66
827 1805 925 1863 multo
944 1806 1030 1862 66661
1048 1805 1149 1864 minus
1167 1799 1379 1864 1666616166.

228 1924 260 1964 v.
278 1903 340 1965 372
355 1924 443 1984 sqq.:
462 1903 566 1964 cedere
580 1907 778 1986 squamigeris
794 1903 901 1964 1611666
917 1908 1086 1966 nitentibus
1102 1903 1193 1965 61661
1209 1914 1242 1966 66
1257 1907 1379 1985 liquidas

227 2005 348 2085 aperire
363 2011 426 2068 viss
448 2041 478 2050 -
499 2011 541 2067 sic
557 2005 638 2066 aliae
653 2029 773 2088 quoquc
789 2025 837 2067 res
851 2012 932 2069 16666
946 2031 977 2068 se
986 2025 1078 2086 posse
1093 2011 1208 2069 moveri
1224 2015 1256 2068 66
1271 2014 1379 2068 mutare

228 2114 338 2171 locum.
362 2131 395 2170 v.
407 2110 485 2170 8826
504 2128 567 2170 6666
582 2107 749 2170 oderisium
764 2107 957 2170 6166666661
971 2113 1061 2172 rebus
1075 2108 1179 2170 16666.
1207 2130 1239 2170 v.
1252 2110 1311 2170 861
1323 2127 1377 2187 sq.:

227 2218 289 2274 sive
313 2210 393 2272 cibos
413 2210 509 2272 666616
528 2216 691 2273 commixto
707 2235 830 2292 corpore
846 2210 954 2272 6116661
970 2232 1043 2272 6666.
1076 2209 1119 2287 V,
1137 2212 1200 2274 913
1217 2209 1328 2292 (61666)
1346 2245 1373 2253 -

227 2314 374 2376 homiuem
389 2321 477 2376 66666
493 2319 696 2377 membrorum
713 2334 775 2374 6666
793 2319 907 2396 impete
922 2319 1039 2376 66166.
1071 2314 1176 2375 Recte
1192 2309 1377 2374 1666166616

228 2415 363 2478 scholiis
380 2414 422 2477 66
438 2413 537 2478 Statii
552 2414 739 2478 Thebaidos
759 2414 837 2493 VII,
855 2419 916 2478 585
932 2437 991 2498 pro
1009 2415 1138 2477 166166.
1171 2414 1200 2492 1,
1220 2417 1296 2478 5666
1314 2419 1375 2476 666

231 2557 263 2566 -
284 2519 479 2600 expediamus
500 2539 562 2580 6666
583 2540 617 2580 66
640 2543 716 2600 quae
734 2523 831 2581 solido
847 2527 939 2601 atque
955 2528 1078 2582 6666666
1094 2543 1219 2601 corpore
1236 2524 1374 2580 66666666.

227 2644 259 2684 v.
284 2624 362 2684 515:
388 2627 413 2684 si
437 2647 499 2685 non
527 2659 559 2668 -
588 2621 719 2683 solidum
743 2627 881 2683 constare
904 2621 1073 2705 relinquas.
1105 2643 1136 2683 v.
1163 2623 1241 2684 7636
1268 2617 1375 2704 quiduis

227 2734 331 2788 666666
355 2723 614 2806 6666661166661.7
643 2722 848 2804 111‚39sq.:
875 2750 971 2807 neque
996 2724 1094 2786 61166
1118 2744 1179 2784 esse
1204 2725 1375 2804 6616616166

228 2827 378 2911 liquidem
387 2847 560 2908 pierumque
575 2825 735 2908 relinquit.
766 2824 796 2902 I,
814 2829 875 2889 613
892 2848 960 2907 sq.:
982 2833 1063 2890 unde
1078 2851 1177 2909 neque
1193 2827 1290 2888 666111
1304 2823 1374 2909 quic·

228 2951 317 3013 quam
341 2953 439 3010 neque
464 2928 599 2990 deminui
621 2933 682 2990 iam
705 2927 842 2990 66666661
866 2939 982 2992 natura.
1019 2951 1050 2991 v.
1074 2931 1152 2992 7286
1178 2935 1230 2992 116
1255 2937 1375 2992 Aetnaea

228 3032 387 3094 miraretur
400 3054 555 3092 murmura
569 3036 755 3093 flammarum
771 3055 889 3093 rursum
898 3051 930 3091 se
941 3030 1084 3110 coiiipere
1092 3037 1160 3094 iras.
1182 3054 1215 3093 v.
1230 3034 1290 3096 766
1301 3051 1371 3112 sqq:

229 3139 313 3218 quod
336 3138 459 3196 omnino
473 3135 571 3216 finem
594 3157 655 3195 non
680 3153 743 3194 6666
766 3138 902 3195 secandis
927 3137 1102 3214 corporibus
1115 3133 1265 3216 seiciunt,
1291 3154 1373 3213 neque

223 3259 355 3317 pausam
378 3239 461 3297 61666
485 3240 610 3316 fragori,
635 3260 690 3297 nec
716 3260 853 3317 prorsum
876 3240 909 3298 in
932 3240 1022 3298 rebus
1046 3234 1202 3296 minimum
1227 3236 1373 3296 consistere

229 3340 398 3422 quicquum.
425 3336 492 3415 III,
511 3340 571 3400 166
589 3359 637 3418 sq.
656 3342 738 3421 quod
745 3337 857 3420 J'aeiei
871 3359 925 3399 666
940 3337 1040 3400 uivere
1055 3363 1124 3400 cum
1140 3363 1239 3400 sensu.
1266 3359 1296 3398 v.
1307 3339 1370 3398 301:

230 3465 307 3522 quae
323 3441 483 3502 tremulum
487 3438 621 3524 faciunt
636 3445 778 3503 membris
795 3440 938 3502 66661666
953 3447 1073 3502 cuorum.
1100 3463 1133 3502 v.
1145 3441 1223 3503 8786
1243 3445 1295 3503 666
1299 3436 1372 3522 fecii

230 3563 293 3604 6666
316 3549 362 3605 661
386 3542 531 3624 quiddam
555 3568 644 3625 super
667 3548 779 3605 inscius
802 3547 876 3623 ipso.
907 3543 949 3618 V,
968 3546 1045 3605 662:
1072 3567 1149 3625 quac
1161 3541 1297 3625 sueiurei
1315 3545 1371 3604 solis

230 3665 307 3706 6666
324 3669 441 3726 semper
456 3645 573 3706 1666166
585 3643 685 3723 91961.
717 3666 749 3705 v.
769 3645 844 3706 703:
869 3649 921 3726 qui
931 3641 1064 3727 sueiuoi
1080 3646 1171 3706 66166
1187 3655 1271 3708 cerba
1286 3645 1371 3706 desur-

226 3768 299 3826 qere
322 3755 417 3829 parte.
448 3769 480 3808 v.
499 3748 577 3810 7616
604 3771 680 3829 quse
693 3745 826 3830 faciunt
847 3745 928 3825 ipris
949 3745 1149 3826 iuteretiuqui
1163 3757 1257 3830 abque
1273 3746 1369 3828 perire.

232 3848 294 3926 VI,
314 3851 374 3913 267
384 3871 391 3908 6
402 3847 536 3933 flumina
553 3849 710 3910 abundare
724 3857 761 3910 66
764 3848 913 3931 sceereui
928 3869 1106 3930 composque
1122 3855 1244 3912 uetare.
1271 3873 1301 3912 v.
1311 3852 1369 3912 455:

231 3951 443 4036 hsccfceiout
459 3955 588 4033 primurn
601 3972 716 4030 pareus
732 3951 893 4012 6666161666
908 3951 1011 4012 66166.
1038 3973 1069 4012 v.
1082 3953 1160 4013 5126
1178 3958 1253 4016 facit
1269 3959 1370 4016 effluere

231 4059 345 4116 imbris.
376 4075 408 4114 v.
425 4055 608 4115 sle-416.
639 4052 668 4130 Ι,
686 4054 769 4116 1657
786 4073 875 4134 sqq.:
902 4052 1000 4131 166666
1023 4057 1048 4116 si
1072 4053 1232 4137 quicquum
1248 4075 1330 4136 posse
1345 4059 1368 4114 16

232 4182 263 4219 66
287 4162 392 4218 sistere
417 4155 527 4227 credis,
553 4165 585 4218 66
608 4179 684 4237 quae
709 4159 842 4238 pondera
865 4163 937 4216 suni
960 4159 1016 4216 sub
1040 4161 1129 4218 666616
1150 4156 1251 4218 666666
1273 4179 1368 4220 sursum

232 4259 328 4320 nitier
348 4264 380 4321 in
400 4267 539 4341 terraque
560 4265 641 4320 reiro
660 4257 846 4340 requiescere
860 4261 963 4337 posia.
996 4255 1058 4334 IV,
1080 4259 1163 4320 1626
1186 4281 1236 4339 sq.
1268 4259 1307 4336 V,
1321 4259 1367 4320 312

234 4360 466 4426 Lachmannus
491 4359 621 4426 66616166
652 4385 728 4444 quae
746 4360 823 4442 fore
850 4385 994 4442 proporro
1024 4359 1210 4443 reditumque
1240 4379 1367 4424 66666666
