2932 4966
417 425 460 468 33
483 425 595 469 nours.
644 421 897 468 sortirenturue.
1170 406 1232 468 143

19 582 22 645 ζ
76 595 149 651 3377.
183 592 323 656 Omissa
347 592 521 656 dubitandi
543 591 705 676 particula
727 591 852 653 dietum
874 598 925 653 337
946 590 1013 667 111,
1031 593 1108 654 8683
1136 617 1233 674 neque

74 698 164 756 hilum
189 700 316 759 differre
340 706 411 758 ante
434 701 498 758 ullo
512 695 619 780 suerit
644 701 703 758 iam
728 703 864 777 tempore
889 705 987 758 natus.
1020 692 1179 756 Similiter
1200 694 1232 756 in

73 793 130 871 IV,
148 798 237 860 1259
256 805 359 881 magni
380 804 472 862 refert
495 837 527 846 -
547 821 703 880 crassaque
720 796 902 859 3333337337
923 801 1047 879 liquidis
1068 805 1099 860 et
1119 802 1235 879 liquida

73 904 182 961 crassis.

153 1021 184 1062 3.
213 1001 416 1066 Coniunctio
433 1009 467 1064 37
483 1024 557 1065 eum
574 1000 783 1065 coniunctivo
800 1001 924 1064 iuneta.

153 1106 186 1186 α)
211 1103 407 1188 Utpositum
418 1103 451 1166 in
462 1103 748 1168 enunciationibus
759 1103 943 1180 obieetivis,
956 1125 1039 1186 quae
1050 1103 1236 1187 exprimunt

72 1203 139 1267 fieri
156 1205 300 1288 aliquid,
319 1206 417 1285 effici,
434 1207 564 1291 prodire
581 1229 621 1270 ex
635 1228 673 1270 eo
684 1207 771 1290 quod
782 1206 916 1269 verbum
928 1227 1045 1288 regens
1057 1205 1234 1288 signifieat.

71 1305 98 1383 Ι,
115 1311 156 1371 20
174 1309 279 1394 efficia
294 1317 329 1372 37
346 1315 454 1394 cupide
470 1315 637 1393 generatim
655 1315 751 1374 saecla
770 1315 948 1389 propapenl.
981 1331 1012 1372 v.
1032 1312 1072 1372 29
1094 1309 1180 1394 effice
1202 1315 1244 1380 37,

73 1413 189 1474 interea
212 1419 277 1476 fera
300 1437 440 1477 moenera
455 1419 575 1476 militiai
597 1451 628 1460 -
649 1412 816 1496 quieseant.
849 1434 880 1473 v.
901 1413 939 1474 70
956 1433 1006 1494 sq.
1023 1418 1130 1476 inritat
1151 1451 1177 1458 -
1201 1422 1237 1475 ut

77 1549 107 1558 -
132 1521 267 1598 eupiret.
300 1538 331 1578 v.
352 1518 412 1578 192
428 1538 496 1598 sq.:
523 1523 582 1580 huc
607 1515 736 1588 3333777,
762 1515 810 1576 nrt
830 1553 860 1560 —
882 1520 1022 1598 nequeat.
1053 1537 1084 1578 v.
1108 1517 1168 1578 215
1186 1537 1234 1597 sq.

76 1621 141 1678 Huc
158 1619 284 1680 3333777
299 1618 348 1679 urs·
367 1655 399 1666 -
420 1619 567 1680 3773337337
583 1623 663 1679 3377.
682 1641 713 1680 v.
732 1619 791 1680 753
809 1639 880 1699 sqq.
897 1623 957 1680 huc
973 1617 1169 1680 annectentes·
1185 1620 1238 1701 (ex

74 1719 208 1782 emend.
231 1720 437 1783 Lachmanni
455 1743 514 1804 pro
536 1720 619 1802 77333)
640 1757 670 1766 -
692 1719 809 1782 debeat.
841 1719 902 1796 VI,
921 1722 1019 1782 10223
1041 1726 1101 1783 hue
1121 1721 1238 1782 3333777

74 1821 151 1894 utel,
176 1848 272 1906 quare
295 1833 387 1906 queat
408 1828 439 1886 id
455 1828 551 1905 magis
567 1847 639 1901 esre,
662 1829 735 1886 haee
751 1847 871 1906 quoque
886 1847 932 1886 res
948 1827 1124 1887 adiumento
1140 1833 1238 1887 motu·

75 1947 132 2002 que
157 1925 294 1988 iuvetur.
335 1925 388 1988 Sie
408 1925 546 1988 Lachm.
572 1946 630 2008 pro
655 1932 684 1989 h.
710 1950 770 1989 ace.
795 1931 870 1988 item
895 1963 925 2000 -,
953 1931 1083 2004 iuvatur,
1109 1926 1236 1989 dicens:

78 2025 235 2100 „Vitium
259 2028 293 2090 in
318 2026 369 2090 his
394 2027 607 2090 manifestum
632 2035 694 2105 est,
721 2026 924 2091 simillimum
950 2027 980 2090 ei
1002 2027 1088 2109 quod
1111 2033 1181 2090 erat
1205 2028 1239 2091 in

78 2125 162 2192 libro
180 2131 211 2208 1,
231 2132 303 2194 753.
326 2131 389 2193 hoe
409 2130 512 2213 igitur
533 2129 647 2192 eodem
667 2130 763 2192 modo
785 2129 1010 2192 curabimus.“
1040 2130 1069 2207 I,
1087 2133 1163 2194 442:
1187 2141 1240 2194 aut

80 2230 137 2291 3377
152 2239 191 2295 ut
200 2233 325 2314 possint
340 2239 371 2296 in
388 2258 423 2296 eo
439 2259 485 2297 res
501 2259 563 2297 esse
580 2239 713 2316 gerique,
730 2255 761 2295 V.
778 2231 916 2295 Lachm.
933 2255 964 2294 v.
978 2235 1055 2296 6203
1073 2239 1117 2297 371
1133 2234 1191 2295 3377
1206 2239 1240 2295 37

80 2331 185 2395 (773737.
203 2334 335 2412 II,496:
353 2362 414 2399 333
425 2343 469 2398 337
483 2341 517 2398 37
527 2341 646 2400 eredere
656 2336 768 2417 possis.
787 2333 853 2412 III,
864 2337 924 2399 715
935 2341 1011 2400 haut
1021 2335 1123 2398 337737
1132 2341 1240 2400 merito

81 2439 262 2502 immortalis
266 2439 367 2518 posuit
377 2444 489 2502 haberi.
506 2461 537 2501 V.
549 2441 608 2502 725
618 2461 666 2521 sq.
678 2445 735 2502 hoe
746 2449 848 2502 tamen
855 2444 898 2500 337
906 2443 941 2500 37
948 2444 1152 2521 quaerendum
1160 2439 1240 2500 vide-

81 2544 164 2603 37333.
183 2564 215 2603 v.
227 2543 299 2604 7383
311 2565 366 2604 333
376 2551 478 2605 tamen
489 2547 533 2603 337
543 2547 577 2603 37
585 2547 637 2624 qui
644 2547 785 2625 perfectis
795 2540 969 2602 7337333733
976 2547 1159 2625 corporibus.
1177 2540 1240 2618 IV,

84 2641 161 2704 6833
180 2649 224 2706 337
239 2649 299 2706 3173
309 2649 344 2705 ul
351 2645 452 2725 possit
465 2650 603 2727 permitti
618 2650 746 2727 longius.
769 2643 811 2720 V,
830 2646 906 2706 1263
925 2649 1037 2726 quippe
1052 2650 1163 2707 etenim
1181 2670 1242 2707 non

84 2749 139 2816 337,
158 2771 227 2809 eum
236 2752 343 2828 quovis
357 2771 479 2829 corpore
496 2753 529 2808 37
546 2773 608 2811 3333
624 2772 709 2829 posse
725 2751 818 2810 animi
833 2756 940 2808 natura
949 2751 1090 2826 putetur.
1112 2769 1143 2810 v.
1163 2750 1239 2810 146:

8 2891 9 2894 3
85 2850 168 2911 11137
183 2854 258 2912 item
273 2875 335 2912 non
351 2853 396 2910 337
415 2856 449 2910 37
463 2849 565 2930 posuis
580 2854 709 2913 3337333.
739 2871 771 2912 v.
789 2849 849 2911 317
859 2870 866 2908 3
889 2854 933 2910 337
953 2855 1044 2912 etiam
1060 2875 1179 2933 quoque
1195 2848 1243 2910 377

7 2933 8 2942 ¹
79 2951 180 3025 possit
189 2957 306 3016 eaelum
316 2977 404 3015 omne
413 2977 534 3016 manere
547 2958 579 3015 in
594 2959 734 3015 statione.
752 2974 782 3014 v.
796 2954 873 3013 604:
886 2960 974 3014 est-
985 2959 1032 3015 uti
1045 2991 1075 2999 -
1086 2958 1241 3036 percipiat.

86 3072 116 3112 v.
135 3055 212 3117 9793
239 3080 300 3118 non
326 3060 392 3116 3337
416 3061 450 3116 37
473 3061 537 3118 fieri
555 3061 670 3136 posset.
704 3078 734 3116 v.
754 3055 852 3116 1341:
879 3059 921 3116 373
935 3053 1009 3139 fuit
1033 3061 1069 3116 37
1082 3055 1241 3140 facerent.

87 3153 149 3234 Vl,
168 3157 243 3220 7273
266 3163 311 3219 337
326 3183 446 3240 quoque
462 3158 509 3219 377
525 3158 630 3237 possit
638 3183 765 3240 magnus
782 3167 943 3238 congestus
959 3164 1087 3221 harenae
1101 3162 1244 3220 fluetibus

88 3264 218 3322 adversis
240 3258 375 3342 oppilare
396 3267 474 3324 33773
495 3271 608 3324 333733.
640 3284 670 3323 v.
695 3262 775 3324 1087
798 3283 848 3342 sq.
872 3269 917 3323 est
943 3299 973 3305 —
1001 3269 1036 3323 ut
1062 3297 1091 3305 —
1118 3265 1243 3341 possint.

89 3359 136 3439 II,
155 3365 194 3425 86
211 3384 260 3444 sq.
277 3368 314 3425 fit
328 3372 364 3425 ut
384 3401 414 3408 —
436 3368 595 3428 dissiliant.
627 3387 658 3426 v.
677 3367 754 3426 954:
769 3365 812 3447 fit
828 3387 947 3445 quoque
970 3360 1018 3422 377
1037 3361 1242 3423 3373337373.

90 3464 149 3544 (sie
165 3464 338 3548 Brieger.).
370 3466 436 3543 III,
455 3468 531 3528 108:
555 3476 586 3530 et
607 3475 687 3530 retro
699 3469 742 3549 fil
762 3464 809 3526 377
825 3473 930 3527 333733
944 3463 985 3525 377
1000 3488 1088 3546 saepe
1104 3469 1244 3528 vicissim.

89 3565 152 3645 IV,
169 3571 244 3632 448:
264 3574 299 3630 fit
314 3573 362 3630 uti
376 3573 545 3632 videantur.
577 3568 631 3631 Sic
647 3567 809 3630 Marullus
825 3589 882 3650 pro
898 3573 933 3628 37
949 3588 977 3628 e.
1008 3588 1040 3627 v.
1059 3568 1243 3630 818-8203

92 3667 144 3731 Fir
164 3707 195 3717 -
217 3677 251 3731 37
272 3707 302 3716 -
324 3695 385 3734 non
395 3671 606 3751 ermpeditetur
621 3709 651 3716 —
666 3677 697 3734 in
714 3675 851 3733 manibus
867 3675 914 3732 vir
928 3668 976 3731 377
991 3675 1089 3732 factus
1104 3669 1246 3732 37733733

92 3777 202 3836 adesse.
233 3771 274 3834 13
295 3772 455 3854 quadrato
476 3773 524 3835 373
545 3773 593 3835 nti
612 3773 736 3836 laetum
753 3771 909 3848 radendo,
932 3793 1038 3854 neque
1055 3770 1151 3833 aliter
1166 3769 1246 3833 Itali

94 3881 127 3936 et
143 3875 317 3953 MarulluS,
343 3897 417 3958 pro:
443 3883 475 3939 in
499 3881 637 3940 manibus
661 3881 769 3940 virtuti
790 3882 897 3938 733733.
928 3897 960 3937 v.
979 3877 1057 3939 8373
1083 3878 1130 3936 his
1152 3878 1247 3954 igitur

93 3985 181 4041 rebus
187 3980 231 4062 fil
246 3984 399 4060 utrimque
416 3984 542 4056 duabus,
559 3985 690 4062 eorporis
708 3984 741 4039 nt
757 3983 841 4041 navis
856 3983 931 4041 velis
946 3986 1097 4058 ventoque
1102 3974 1244 4060 feratur.

95 4080 146 4143 sio
168 4080 321 4143 Muretus
342 4103 399 4164 pro
422 4087 505 4144 3733.
537 4103 568 4143 v.
587 4086 664 4145 944:
678 4084 722 4164 fil
741 4081 789 4142 377
809 4106 877 4164 pars
893 4085 963 4144 7373
979 4084 1088 4142 animai
1105 4079 1244 4141 eiciatur.

95 4182 131 4244 L.
150 4181 372 4259 „Rectissime
389 4181 477 4256 libri,
494 4181 574 4245 item
585 4181 752 4246 Antonius
763 4182 870 4260 Marii,
879 4186 922 4267 fit
936 4179 996 4254 377,
1015 4180 1055 4243 73
1066 4204 1130 4264 quo
1141 4181 1249 4243 di‘eam

97 4285 135 4347 ad
151 4285 271 4348 librum
289 4285 350 4363 VI,
369 4287 467 4349 1007:
487 4283 638 4370 impressi
658 4285 751 4348 373377
767 4286 819 4348 vel
835 4285 879 4346 373
894 4290 971 4346 37.η
1000 4283 1061 4361 lV,
1080 4287 1162 4349 1218
1179 4306 1246 4366 sq.:

90 4391 129 4474 fit
150 4413 271 4472 quoque
291 4394 325 4451 37
345 4395 425 4453 73733
441 4395 513 4452 dum
529 4395 641 4453 similes
658 4393 783 4452 existere
799 4413 922 4452 avorum
932 4386 1053 4467 possint
1069 4395 1100 4450 et
1110 4385 1249 4472 reserant
