2886 4998
315 397 588 442 Puaurosrrloa'us
614 397 681 442 CUM
705 399 777 442 ΔΒΕ.
803 398 841 441 ET
863 399 938 442 AOC.
1167 385 1206 444 89

14 613 20 626 .
46 568 134 628 312
157 592 257 650 quae
278 577 350 630 sunt
371 565 405 628 iu
422 567 500 630 luce.
521 589 552 629 v.
571 569 634 630 322
654 593 730 649 quae
745 573 805 633 sita
819 577 891 632 sunt
905 567 940 630 ia
955 569 1032 632 laec.
1065 567 1127 647 VI,
1145 572 1207 634 873

14 674 137 734 rluce
161 676 298 734 diurna.
328 669 376 747 II,
394 673 450 733 91:
468 675 658 736 reminiscere
673 677 769 736 totius
784 676 879 735 imum
894 677 939 735 nil
954 696 1017 736 esse
1032 671 1066 734 a'a
1081 695 1207 736 summa.

19 819 29 833 .
55 773 166 836 1677
180 796 189 832 :
221 782 261 836 ut
282 772 315 834 ia
330 793 443 835 ramma
459 798 505 838 res
521 779 606 838 nulla
620 779 661 837 sit
675 799 745 838 una.
777 773 819 852 V,
838 777 914 838 265:
936 775 970 837 ia
985 796 1158 859 curameque
1173 784 1209 840 fit

14 880 116 938 tnil
136 901 249 940 umor
263 881 407 940 abundet.
437 875 486 954 II,
505 878 581 952 107:
605 873 759 941 dissiliunt
775 882 865 959 longe
884 884 1035 963 longeque
1055 889 1209 944 recursant

14 1001 38 1038 2
64 978 220 1058 mayaco
242 977 428 1041 2262222772.
460 976 528 1058 III,
546 981 624 1044 394:
649 989 680 1043 et
700 1005 789 1063 quem
809 980 843 1042 22
864 979 911 1042 lis
932 981 1209 1046 2212221222ᾱὶ-

14 1086 126 1144 antie.
149 1087 287 1164 possint
309 1105 484 1146 concursare
506 1081 564 1165 (sic
585 1081 723 1146 Lachm.
744 1105 802 1166 pro
818 1083 964 1168 queatis).
997 1082 1045 1161 ΙΙ,
1065 1086 1140 1149 11⁷:
1165 1111 1209 1148 ra·

14 1190 154 1248 liorum
175 1183 442 1266 6222221222.
463 1207 494 1247 v.
508 1187 568 1249 116
585 1185 705 1249 insulis
721 1211 797 1269 quae
814 1186 927 1250 lamiae
943 1211 1063 1252 eernere
1079 1193 1209 1272 quimus.

14 1311 46 1351 v.
67 1289 147 1350 126
171 1287 215 1350 ia
238 1293 309 1351 solis
324 1287 435 1352 redite.
461 1311 493 1350 v.
512 1290 589 1353 279:
611 1297 714 1353 temen
734 1314 797 1352 esse
818 1288 988 1370 22221222
1003 1295 1105 1352 222122
1124 1297 1210 1374 quid-

14 1398 96 1454 dam
122 1395 223 1454 cett.
256 1389 324 1468 III,
343 1393 419 1454 298:
442 1397 473 1456 in
494 1400 625 1475 pectore.
651 1413 682 1454 r.
702 1394 784 1455 1656
809 1399 889 1457 tanti
908 1399 981 1458 muli
1005 1432 1036 1440 -
1063 1399 1157 1458 moles
1177 1393 1210 1457 ia

14 1501 160 1576 pectore
179 1503 315 1559 constet.
347 1493 408 1573 VI,
426 1497 482 1560 31ι
506 1500 626 1560 volvere
643 1519 780 1558 curarum
796 1501 893 1560 tristis
908 1495 942 1558 a'a
951 1502 1075 1577 pectore
1090 1502 1209 1562 fluetus.

16 1598 75 1677 II,
98 1599 191 1662 284:
219 1622 311 1680 quare
331 1598 365 1660 a'u
380 1598 543 1661 semialbae
559 1624 678 1682 quoque
692 1603 774 1662 idem
789 1604 901 1662 fateare
916 1609 1076 1664 necessest.
1098 1622 1129 1662 v.
1148 1601 1210 1664 617

21 1709 58 1766 in
78 1707 172 1765 colli.
192 1723 228 1764 v.
248 1703 327 1766 322:
346 1712 378 1768 et
392 1707 441 1766 vel
456 1711 492 1765 ut
507 1701 541 1764 22
556 1701 652 1764 viride
668 1707 780 1766 candor
794 1708 957 1766 consistere
973 1703 1057 1766 colli.
1080 1725 1111 1766 v.
1130 1705 1208 1766 399:

20 1809 177 1869 iucundo
201 1829 294 1870 sensu
312 1809 434 1885 linguae
453 1813 625 1870 tractentur
639 1806 673 1868 c'a
688 1827 749 1868 ore.
781 1804 843 1884 IV,
862 1807 922 1869 617
944 1831 1049 1870 sucum
1064 1811 1212 1870 sentimus

26 1909 66 1972 22
84 1929 153 1970 ore.
188 1906 255 1985 VI,
274 1910 372 1971 1228:
391 1914 467 1972 aeris
483 1933 569 1972 auras
584 1913 703 1972 volvere
720 1908 753 1970 u'u
769 1929 819 1971 ore
834 1914 933 1973 licere.
962 1908 1010 1987 II,
1029 1909 1090 1974 533
1109 1915 1212 1974 fecun-

28 2019 176 2095 damque
194 2016 298 2076 minus
314 2019 453 2074 naturam
469 2018 564 2076 cernis
580 2011 707 2074 1227721.
724 2034 756 2075 v.
775 2016 853 2076 550:
872 2038 932 2095 quo
948 2023 1037 2096 pacto
1054 2037 1212 2094 congressa

34 2121 174 2180 coibunt
203 2119 349 2178 materiae
373 2118 459 2176 tuate
483 2113 517 2176 ia
535 2115 647 2195 pelago
672 2115 821 2198 turboque
846 2115 973 2178 222227
1008 2114 1069 2194 IV,
1091 2117 1153 2179 132
1178 2115 1211 2178 22

35 2219 152 2300 pelago
170 2223 278 2282 nautis
294 2242 329 2280 ex
344 2222 434 2282 undis
451 2226 535 2281 ortus
550 2217 584 2279 ia
600 2218 693 2280 uadis
708 2224 753 2282 sol
772 2225 807 2282 fit
822 2223 869 2282 uti
884 2222 1025 2282 videatur
1040 2224 1132 2283 obire.
1162 2217 1210 2296 II,

40 2325 122 2386 564:
142 2299 291 2385 {emereri
311 2320 345 2382 72
361 2319 502 2382 eoncilia.
524 2342 555 2382 v.
575 2323 635 2384 661
658 2327 689 2386 in
705 2346 802 2386 curru.
825 2343 856 2382 v.
876 2323 936 2386 667
952 2327 1123 2386 influmine
1139 2345 1212 2404 quo·

43 2451 113 2508 que.
146 2423 215 2502 IV,
235 2426 295 2487 226
313 2445 361 2504 sq.
383 2429 416 2486 in
430 2428 531 2488 medio
553 2460 583 2468 -
603 2429 736 2489 flumine.
758 2447 790 2488 v.
809 2423 958 2488 110122
974 2423 1131 2506 medioque
1146 2427 1213 2487 sitit

45 2527 181 2591 torrenti
189 2526 323 2613 flumine
339 2535 456 2609 potans.
488 2525 550 2604 VI,
569 2529 629 2590 113
647 2548 712 2608 sq.:
738 2532 818 2610 quod
834 2533 908 2592 item
924 2533 959 2590 fit
973 2527 1008 2590 c'a
1023 2526 1098 2590 attis
1105 2525 1213 2610 flaccul-

48 2629 138 2692 21622
160 2649 331 2712 magnoque
351 2629 439 2692 muri.
464 2629 512 2708 Π,
532 2631 592 2693 786
613 2639 649 2693 26
664 2629 697 2692 12
719 2631 869 2713 quadrato
885 2636 1033 2694 cernimus
1050 2654 1112 2693 esse
1128 2633 1213 2692 dissi·

50 2739 137 2798 miles
162 2739 284 2798 formas.
309 2754 341 2794 v.
362 2732 438 2796 781:
464 2731 498 2795 ia
518 2753 647 2818 aequore
670 2739 767 2817 ponti.
798 2732 865 2810 III,
882 2735 944 2798 193
969 2757 1061 2814 agens
1083 2737 1213 2796 animam

54 2846 184 2921 spumat,
207 2841 293 2919 quasi
314 2835 348 2898 t'n
364 2856 492 2920 aequore
507 2836 588 2898 22780
603 2844 763 2900 ventorum
783 2842 890 2902 validis
910 2843 1082 2902 fervescunt
1100 2841 1214 2899 viribus

54 2946 162 3004 undae.
193 2939 243 3016 ΙΙ,
263 2941 280 3003 7
284 2943 339 3002 82;
368 2950 422 3002 aut
445 2938 479 3000 a'a
501 2938 564 3002 abio
586 2939 690 3023 quotie
711 2961 772 3002 222
790 2937 932 3024 puroque
952 2939 1062 3003 nitere.
1084 2962 1115 3002 v.
1134 2941 1211 3003 965:

58 3043 121 3106 rute
144 3045 301 3127 trepidant
324 3042 358 3104 c'a
382 3041 512 3104 aedibus.
544 3041 614 3121 III,
631 3045 687 3108 ll:
706 3043 862 3130 floriferis
881 3053 917 3110 ut
936 3069 1007 3128 apes
1028 3043 1062 3106 iu
1083 3041 1214 3106 cultibus

60 3151 158 3210 omnia
173 3152 281 3211 libant.
313 3169 343 3208 v.
363 3147 424 3210 165
445 3169 554 3228 magno
577 3171 666 3228 opere
686 3147 719 3208 a'a
742 3154 855 3231 quemi
871 3154 982 3212 diversi
998 3151 1213 3210 errareviden-

62 3260 119 3314 tur.
135 3272 166 3314 v.
183 3251 263 3314 117:
281 3275 362 3315 nunc
377 3253 511 3314 animum
527 3273 647 3332 queque
663 3258 699 3314 ut
713 3249 747 3312 22
762 3250 898 3314 membran
914 3274 1093 3332 cognoscere
1109 3254 1213 3332 possis.

62 3375 93 3417 v.
110 3356 169 3418 126
189 3377 278 3437 saepe
297 3363 400 3418 tamen
420 3358 507 3416 nobis
526 3351 560 3413 ia
580 3352 717 3416 22226222
738 3359 801 3418 vita
816 3363 959 3437 moretur.
982 3376 1013 3416 v.
1034 3353 1094 3417 127
1112 3376 1214 3416 curare
1232 3383 1234 3386 ·

65 3454 97 3517 iu
110 3457 242 3520 222122
257 3465 293 3520 26
307 3462 371 3521 vita
385 3464 528 3520 moretur.
551 3478 581 3518 v.
601 3457 677 3520 276:
695 3462 778 3539 quod
792 3481 887 3539 genus
903 3457 936 3519 a'a
951 3455 1063 3519 22222
1079 3454 1215 3519 membris

67 3566 96 3622 et
110 3581 226 3642 corpore
248 3565 309 3622 toto
330 3565 426 3624 mixta
445 3598 477 3606 —
497 3565 542 3623 vis
558 3567 613 3623 est.
638 3581 670 3622 v.
688 3562 766 3623 651:
785 3559 919 3624 omuibus
933 3560 968 3622 22
982 3559 1119 3622 membran
1134 3567 1166 3623 et
1181 3558 1214 3620 22

70 3682 116 3724 ore
137 3661 258 3745 ipsoque
276 3662 398 3742 putate.
431 3663 494 3740 IV,
516 3665 594 3726 926:
620 3672 789 3727 remaneret
811 3662 846 3724 ia
870 3663 1017 3725 membrie.
1049 3660 1116 3739 III,
1135 3663 1211 3724 140:

70 3767 154 3845 idque
172 3771 263 3829 situm
283 3765 381 3827 media
402 3765 575 3845 22922212
597 3773 726 3848 pectoris
741 3773 854 3830 haeret.
886 3765 946 3842 IV,
966 3767 1041 3828 786:
1064 3762 1215 3826 eudemio

73 3866 181 3946 2222222
200 3868 333 3951 locoque.
365 3867 408 3945 V,
426 3869 503 3932 534:
526 3867 559 3930 a'a
579 3869 679 3932 medio
700 3907 731 3916 -
757 3868 878 3948 2292222
898 3875 1042 3952 quiescat.
1073 3865 1134 3942 VI,
1152 3867 1213 3928 115

75 3973 104 4032 in
119 3977 217 4035 multis
236 3977 419 4054 regionibus.
450 3970 517 4048 III,
541 3954 678 4034 attila
702 3971 805 4056 quotie
829 3977 1017 4036 animantum
1039 3969 1162 4032 eiecere.
1181 3976 1233 4030 v.'

78 4074 144 4135 528:
166 4073 196 4134 ia
205 4073 337 4155 pedibus
356 4113 386 4121 -
409 4080 521 4157 digitos
544 4081 694 4138 livescere.
725 4072 787 4151 IV,
806 4078 883 4138 512ι
907 4074 940 4137 12
949 4071 1082 4154 pedibus
1097 4077 1215 4154 pondus

80 4181 207 4240 sentimus
226 4183 331 4242 inesse.
353 4200 384 4240 v.
402 4181 500 4244 1125:
524 4187 684 4261 argeutum
700 4186 731 4242 et
746 4184 873 4262 pulchra
886 4175 1060 4258 2222212622
1076 4179 1216 4258 Sicyonia

80 4281 174 4342 rident.
202 4280 269 4357 III,
288 4282 348 4344 537
365 4281 398 4342 12
414 4303 502 4343 renea
518 4286 610 4346 debet
625 4281 738 4344 maiore
752 4287 856 4345 videri.
873 4303 903 4342 r.
923 4282 999 4341 616:
1018 4279 1134 4359 (mens)
1150 4281 1216 4357 gig-

83 4384 153 4442 nitur
174 4381 204 4442 22
230 4387 329 4464 cauta
349 4395 403 4450 cut
423 4383 551 4466 pertitus
574 4385 759 4448 marriboeve.
794 4406 832 4479 v.
852 4386 910 4448 791
934 4403 982 4466 sq.
1009 4386 1107 4444 multo
1133 4385 1215 4467 prius
