2944 4968
379 393 477 438 CASUS
500 390 802 438 SUBSTANTIVORUM.
834 391 985 437 DATIVUS.
1216 373 1257 435 39

9 587 62 641 quisq.
572 563 608 616 D.
643 562 787 616 DstiiVUS·

11 674 67 730 qq„
476 668 499 716 Ι.
536 667 676 716 Dativus
695 667 886 730 qualitatis.

8 799 25 832 7·
37 775 57 825 i·
190 769 331 832 Dativus
348 790 423 832 cum
438 766 469 829 ei
483 765 576 829 verbi
591 765 695 829 statui
711 765 897 845 conveniat,
919 787 1001 848 quae
1018 786 1057 828 ex
1073 765 1202 830 actione
1218 767 1260 830 ad

8 897 64 936 770
101 874 202 934 finem
222 871 382 955 perducta
402 868 535 953 prodiit,
560 868 719 951 sequitur,
741 874 780 931 ut
801 867 967 932 obiectum
987 868 1080 951 quasi
1100 869 1259 932 remotius

8 981 66 1043 itit·-
101 973 281 1058 exprimat,
318 973 406 1056 quod
440 971 570 1036 actione
605 971 664 1034 illa
701 971 880 1034 etiamnum
913 977 1072 1052 tangatur
1107 970 1259 1054 quodque

8 1089 63 1160 ‚ln
100 1077 239 1161 qffeeinna
254 1075 363 1138 dicere
382 1073 489 1158 possis
510 1077 552 1157 (v.
571 1073 684 1136 Herm.
703 1072 743 1136 de
760 1073 888 1136 emend.
905 1078 967 1136 rat.
986 1094 1035 1155 gr.
1054 1093 1103 1156 gr.
1121 1096 1153 1156 p.
1171 1075 1258 1155 141).

8 1190 56 1268 11:33
99 1177 166 1240 Hie
189 1178 326 1241 effeetus
347 1182 458 1240 autem
478 1176 557 1239 talis
577 1182 639 1254 est,
662 1183 700 1239 ut
714 1175 784 1261 ipse
801 1197 930 1259 quoque
945 1174 1091 1238 vicissim
1105 1174 1261 1260 respiciat

91 1285 230 1344 ²statum
245 1278 337 1343 verbi
353 1285 388 1342 et
402 1278 470 1342 vim
485 1301 577 1342 suam
592 1278 627 1341 in
643 1300 681 1342 eo
698 1283 861 1342 exerceat.
899 1277 1015 1341 Prcuti
1031 1283 1142 1342 autem
1158 1277 1259 1340 actio·

8 1401 57 1463 qq
99 1383 153 1446 nis
178 1389 236 1446 aut
265 1382 401 1446 effectus
425 1381 475 1444 vis
500 1381 602 1445 maior
627 1387 695 1460 est,
726 1380 858 1444 dativus
884 1379 990 1462 magis
1015 1380 1179 1464 passivam
1203 1386 1261 1443 aut
1329 1448 1331 1456 ,

8 1530 54 1570 Μ.
100 1484 246 1548 activam
266 1483 541 1566 significationem
562 1483 684 1547 habere
703 1482 768 1546 diei
788 1489 911 1568 potest,
933 1504 1131 1566 quamquem
1147 1481 1260 1546 discri-

8 1635 52 1662 ,
99 1609 179 1650 men
198 1586 246 1650 ita
265 1587 416 1664 fluctuet,
439 1593 478 1649 ut
496 1584 664 1650 interdum
685 1607 752 1650 non
771 1585 877 1671 possis
894 1591 1046 1649 accurate
1062 1584 1259 1664 discernere,

8 1741 45 1779 p„
99 1690 144 1753 ad
167 1695 278 1752 utrum
303 1710 408 1771 genus
433 1688 565 1751 dativus
590 1688 708 1772 aliquis
732 1685 923 1752 referendus
948 1687 1003 1752 sit.
1039 1687 1133 1751 Hanc
1158 1687 1261 1770 igitur

99 1791 370 1856 distributionem
394 1813 534 1874 sequens
558 1791 623 1854 iarn
646 1791 738 1854 locos
758 1789 975 1855 Lucretianos
999 1788 1190 1875 potissimos
1211 1811 1260 1854 re·

22 1887 50 1982 ¹]
101 1895 256 1958 censebo

189 2019 219 2060 a.
243 1997 380 2061 17777777
401 1995 534 2082 effectis.
566 1994 640 2058 Huc
663 2003 739 2060 ante
760 1995 870 2060 omnia
889 1994 1033 2074 dativus,
1056 1995 1112 2078 qui
1128 1994 1259 2074 dieitur,

8 2089 10 2094 ⁸
32 2083 45 2173 „¹
102 2098 267 2163 commodi
282 2098 473 2162 referendus
492 2103 555 2162 est.
580 2097 611 2176 I,
631 2102 665 2162 8:
683 2099 741 2162 tibi
754 2104 857 2164 rident
871 2123 1001 2182 aequora
1015 2104 1112 2180 ponti.
1132 2121 1164 2162 v.
1181 2101 1259 2161 416:

8 2184 43 2302 Ui..
102 2228 194 2286 quam
210 2202 267 2264 7777
282 2239 312 2249 -
328 2208 369 2266 sit
384 2208 471 2284 copia
485 2200 587 2264 missa.
605 2223 636 2263 v.
650 2204 711 2264 688
722 2223 789 2284 sq.:
807 2227 883 2294 quae
900 2225 1024 2284 corpora
1037 2199 1158 2264 mittere
1166 2207 1262 2284 possit

8 2345 41 2382 ι,
101 2305 249 2368 sensibus.
267 2309 381 2369 will:
393 2303 688 2385 hociibi-possum
691 2304 881 2384 promittere.
900 2308 991 2368 vnn:
1001 2309 1262 2387 poiensplacidam

8 2392 41 2501 li„
104 2407 298 2469 Romanis-
313 2432 426 2491 pacem.
447 2429 478 2468 v.
491 2408 568 2469 9797
587 2411 798 2489 insignemque
812 2427 873 2469 7777
883 2406 980 2487 capiti
982 2412 1089 2487 petere
1097 2412 1170 2470 inde
1180 2432 1261 2471 coro-

8 2485 15 2509 i
103 2535 173 2574 nam
185 2538 217 2564 =
228 2509 291 2588 IV,
302 2513 333 2573 7.
346 2508 389 2587 V,
397 2511 495 2572 1142:
507 2514 668 2592 imperium
675 2509 734 2571 sibi
741 2535 809 2572 cum
816 2533 850 2572 ac
857 2517 1041 2572 summatum
1048 2514 1174 2592 quisque
1177 2516 1261 2590 peie-

20 2672 29 2701 ,
103 2613 166 2674 777.
184 2612 212 2689 I,
223 2614 279 2675 43:
297 2617 450 2676 communi
464 2617 548 2676 desse
558 2616 658 2674 saluti.
675 2633 707 2674 v.
720 2613 771 2674 52:
783 2637 851 2676 mea
860 2617 939 2675 dona
949 2611 1006 2673 7777
1015 2617 1117 2675 studio
1127 2617 1262 2695 disposta

102 2720 194 2779 fideli.
211 2738 242 2777 v.
256 2719 297 2779 54
307 2737 374 2797 sq.:
393 2714 451 2776 7777
466 2719 610 2778 disserere
619 2719 771 2797 incipiam.
788 2736 819 2776 v.
834 2716 873 2778 75
883 2720 975 2778 refert
983 2713 1079 2775 nobis.
1097 2737 1128 2777 v.
1143 2716 1181 2778 76
1193 2737 1258 2797 sq.:

9 2887 18 2901 a
102 2823 189 2881 finite
210 2826 343 2901 potestas
364 2821 494 2900 denique
515 2815 623 2900 cniqne
644 2841 792 2900 quanam
814 2823 854 2881 sit
874 2822 992 2881 ratione
1012 2825 1103 2900 etque
1125 2823 1186 2881 alte
1202 2825 1261 2880 ter·

102 2926 202 2984 minus
218 2927 394 2984 haerens:
363 2921 477 2982 -595
495 2940 546 3016 sq:
561 2941 593 2980 v.
612 2919 668 2982 87.
691 2919 741 2982 cni
762 2924 853 2984 simul
870 2925 1008 2984 infula
981 2923 1132 3000 vrrgineos
1148 2924 1261 2984 77777777

14 3000 27 3107 Ξ
101 3029 175 3086 data
190 3033 328 3106 comptus
344 3048 379 3086 ex
394 3032 522 3104 utraque
543 3027 608 3104 pari
627 3028 774 3087 malarum
789 3032 874 3106 parte
890 3028 1049 3106 profusast.
1081 3045 1113 3084 v.
1131 3024 1187 3085 937
1205 3047 1260 3086 nec

10 3106 24 3180 f*
102 3125 231 3187 miserae
247 3125 451 3205 777077777-
481 3129 597 3207 quibat
630 3124 678 3202 11,
701 3127 757 3187 397
784 3125 885 3188 anino
909 3151 1029 3209 quoque
1053 3130 1098 3188 nil
1115 3125 1260 3205 prodesse

102 3233 282 3310 putandum.
314 3227 342 3304 l,
366 3229 442 3290 104:
467 3251 558 3310 quam
578 3232 708 3290 multai
695 3227 753 3289 7777
773 3233 833 3291 iam
852 3233 965 3309 fingere
986 3235 1114 3311 possunt
1134 3234 1258 3292 somnia.

10 3309 23 3438 N*
102 3353 134 3393 v.
157 3333 234 3394 1777
258 3336 338 3393 unde
358 3329 416 3391 7777
438 3339 571 3393 exortam
593 3354 710 3413 semper
734 3337 869 3395 florentis
890 3335 1016 3394 Homeri
1045 3339 1259 3404 commemorat

102 3439 232 3516 speciem
248 3437 383 3496 lacrimas
399 3438 552 3497 effirndere
567 3439 658 3496 salsas
674 3438 816 3516 coepisse.
838 3455 869 3494 v.
881 3434 960 3495 1687
978 3437 1031 3515 qui
1046 3441 1147 3515 posset
1162 3441 1260 3496 mater

102 3536 190 3598 777777
210 3541 373 3599 consistere
397 3539 499 3600 certa?
529 3557 560 3598 v.
579 3537 658 3599 18777
685 3559 741 3598 nec
764 3560 852 3619 porro
877 3533 1026 3616 77977777
1049 3534 1137 3597 777777
1160 3542 1258 3618 spatio

13 3716 17 3726 .
102 3646 182 3702 foret
197 3664 277 3702 usus.
308 3660 340 3700 v.
359 3640 437 3701 7667
461 3642 575 3701 semine
596 3643 717 3720 quando
739 3659 813 3718 opas
829 3637 985 3700 77777777.
1016 3636 1065 3714 II,
1083 3639 1160 3700 815:
1183 3643 1258 3702 scire

11 3745 18 3831 ἰ
103 3746 176 3804 licet
199 3746 245 3804 nil
261 3739 430 3821 principiis
454 3745 528 3820 opns
553 3760 615 3803 esse
639 3745 762 3804 colores.
793 3738 855 3816 IV,
876 3741 974 3803 17687
996 3761 1051 3802 nec
1066 3745 1173 3804 molles
1188 3739 1257 3820 opn'

102 3849 174 3905 777777
193 3854 293 3907 motus
314 3841 459 3905 7777777777
479 3847 586 3906 hilum.
616 3864 648 3903 v.
666 3842 766 3906 17777
788 3841 965 3924 7777797777
984 3847 1065 3925 quod
1088 3847 1132 3904 nil
1146 3842 1259 3938 77777777

14 3999 17 4010 .
104 3966 177 4024 opns
199 3966 260 4008 esse
278 3951 408 4010 videtur
440 3943 501 4022 VI,
519 3945 619 4008 1081:
645 3949 745 4008 777777
720 3943 827 4006 7777-
852 3965 924 4026 opns
946 3951 1001 4007 esi.
977 3943 1157 4022 717719
1181 3971 1258 4028 quae

13 4047 16 4109 ’.
97 4051 174 4127 pari
162 4045 242 4108 777777
274 4055 337 4112 eius
368 4053 529 4112 discidium
554 4071 713 4132 parere-
740 4055 851 4130 posset.
883 4069 913 4109 v.
938 4049 1014 4111 7677
1041 4072 1079 4110 ne
1101 4073 1161 4131 qua
1180 4053 1258 4112 forte

12 4149 16 4240 J
103 4157 206 4214 tamen
216 4161 336 4233 coeptes
346 4149 487 4237 diffidere
497 4151 600 4214 777777.
617 4173 648 4214 v.
661 4152 739 4214 334:
752 4155 863 4214 nostris
873 4155 1009 4214 diffidere
1018 4154 1117 4214 dietis.
1133 4172 1165 4213 v.
1178 4152 1256 4214 3777

12 4333 13 4336 ¹
104 4252 208 4314 cedere
231 4253 428 4336 sqnnmiperis
456 4260 560 4319 latices
590 4252 757 4316 nitentibus
780 4259 876 4317 aiunt.
915 4274 947 4315 v.
974 4253 1051 4316 8377
1077 4277 1132 4317 nec
1156 4261 1259 4317 nostre

12 4345 13 4366 ³
104 4361 203 4421 dicere
224 4361 330 4440 lingua
349 4357 485 4420 7777777777
505 4356 590 4422 nobis
610 4361 702 4442 patrii
723 4362 868 4422 sermonis
889 4364 1014 4440 egestas.
1049 4378 1081 4420 v.
1104 4357 1166 4420 400
1187 4377 1255 4440 sq:
